%YAML 1.1
%TAG !u! tag:unity3d.com,2011:
--- !u!114 &-9165767473164918302
MonoBehaviour:
  m_ObjectHideFlags: 1
  m_CorrespondingSourceObject: {fileID: 0}
  m_PrefabInstance: {fileID: 0}
  m_PrefabAsset: {fileID: 0}
  m_GameObject: {fileID: 0}
  m_Enabled: 1
  m_EditorHideFlags: 0
  m_Script: {fileID: 11500000, guid: 030f85c3f73729f4f976f66ffb23b875, type: 3}
  m_Name: AnimationPlayableAsset(Clone)(Clone)(Clone)
  m_EditorClassIdentifier: 
  m_Clip: {fileID: -203655887218126122, guid: 722891441dd5ae64daf46646f0814636, type: 3}
  m_Position: {x: 259, y: 754.64, z: 1098.6937}
  m_EulerAngles: {x: 0, y: 180, z: 0}
  m_UseTrackMatchFields: 1
  m_MatchTargetFields: 63
  m_RemoveStartOffset: 1
  m_ApplyFootIK: 1
  m_Loop: 0
  m_Version: 1
  m_Rotation: {x: 0, y: 0, z: 0, w: 1}
--- !u!114 &-8658220645709138588
MonoBehaviour:
  m_ObjectHideFlags: 1
  m_CorrespondingSourceObject: {fileID: 0}
  m_PrefabInstance: {fileID: 0}
  m_PrefabAsset: {fileID: 0}
  m_GameObject: {fileID: 0}
  m_Enabled: 1
  m_EditorHideFlags: 0
  m_Script: {fileID: 11500000, guid: 2a16748d9461eae46a725db9776d5390, type: 3}
  m_Name: Markers
  m_EditorClassIdentifier: 
  m_Version: 3
  m_AnimClip: {fileID: 0}
  m_Locked: 0
  m_Muted: 0
  m_CustomPlayableFullTypename: 
  m_Curves: {fileID: 0}
  m_Parent: {fileID: 11400000}
  m_Children: []
  m_Clips: []
  m_Markers:
    m_Objects: []
--- !u!114 &-7766575185339329462
MonoBehaviour:
  m_ObjectHideFlags: 1
  m_CorrespondingSourceObject: {fileID: 0}
  m_PrefabInstance: {fileID: 0}
  m_PrefabAsset: {fileID: 0}
  m_GameObject: {fileID: 0}
  m_Enabled: 1
  m_EditorHideFlags: 0
  m_Script: {fileID: 11500000, guid: 030f85c3f73729f4f976f66ffb23b875, type: 3}
  m_Name: AnimationPlayableAsset(Clone)
  m_EditorClassIdentifier: 
  m_Clip: {fileID: -203655887218126122, guid: a996f8bb23d121248842ad03b8995d2d, type: 3}
  m_Position: {x: 98.84, y: 9.9, z: -3679.29}
  m_EulerAngles: {x: 0, y: 0, z: 0}
  m_UseTrackMatchFields: 1
  m_MatchTargetFields: 63
  m_RemoveStartOffset: 1
  m_ApplyFootIK: 1
  m_Loop: 0
  m_Version: 1
  m_Rotation: {x: 0, y: 0, z: 0, w: 1}
--- !u!114 &-7640939449841887315
MonoBehaviour:
  m_ObjectHideFlags: 1
  m_CorrespondingSourceObject: {fileID: 0}
  m_PrefabInstance: {fileID: 0}
  m_PrefabAsset: {fileID: 0}
  m_GameObject: {fileID: 0}
  m_Enabled: 1
  m_EditorHideFlags: 0
  m_Script: {fileID: 11500000, guid: 8b22792c3b570444eb18cb78c2af3a74, type: 3}
  m_Name: Audio Track
  m_EditorClassIdentifier: 
  m_Version: 3
  m_AnimClip: {fileID: 0}
  m_Locked: 0
  m_Muted: 0
  m_CustomPlayableFullTypename: 
  m_Curves: {fileID: 0}
  m_Parent: {fileID: 11400000}
  m_Children: []
  m_Clips: []
  m_Markers:
    m_Objects: []
  m_TrackProperties:
    volume: 1
    stereoPan: 0
    spatialBlend: 0
--- !u!114 &-7200622340320207705
MonoBehaviour:
  m_ObjectHideFlags: 1
  m_CorrespondingSourceObject: {fileID: 0}
  m_PrefabInstance: {fileID: 0}
  m_PrefabAsset: {fileID: 0}
  m_GameObject: {fileID: 0}
  m_Enabled: 1
  m_EditorHideFlags: 0
  m_Script: {fileID: 11500000, guid: 030f85c3f73729f4f976f66ffb23b875, type: 3}
  m_Name: AnimationPlayableAsset
  m_EditorClassIdentifier: 
  m_Clip: {fileID: -203655887218126122, guid: 052e787a2ecea494ab2c3ae0528403d6, type: 3}
  m_Position: {x: 98.27, y: 10.13, z: -3677.44}
  m_EulerAngles: {x: 0, y: 0, z: 0}
  m_UseTrackMatchFields: 1
  m_MatchTargetFields: 63
  m_RemoveStartOffset: 1
  m_ApplyFootIK: 1
  m_Loop: 0
  m_Version: 1
  m_Rotation: {x: 0, y: 0, z: 0, w: 1}
--- !u!114 &-7047444561935405134
MonoBehaviour:
  m_ObjectHideFlags: 1
  m_CorrespondingSourceObject: {fileID: 0}
  m_PrefabInstance: {fileID: 0}
  m_PrefabAsset: {fileID: 0}
  m_GameObject: {fileID: 0}
  m_Enabled: 1
  m_EditorHideFlags: 0
  m_Script: {fileID: 11500000, guid: 21bf7f712d84d26478ebe6a299f21738, type: 3}
  m_Name: Activation Track
  m_EditorClassIdentifier: 
  m_Version: 3
  m_AnimClip: {fileID: 0}
  m_Locked: 0
  m_Muted: 0
  m_CustomPlayableFullTypename: 
  m_Curves: {fileID: 0}
  m_Parent: {fileID: -4344173954171082210}
  m_Children: []
  m_Clips:
  - m_Version: 1
    m_Start: 10.1
    m_ClipIn: 0
    m_Asset: {fileID: -5062853492215413604}
    m_Duration: 500
    m_TimeScale: 1
    m_ParentTrack: {fileID: -7047444561935405134}
    m_EaseInDuration: 0
    m_EaseOutDuration: 0
    m_BlendInDuration: 0
    m_BlendOutDuration: 0
    m_MixInCurve:
      serializedVersion: 2
      m_Curve:
      - serializedVersion: 3
        time: 0
        value: 0
        inSlope: 0
        outSlope: 0
        tangentMode: 0
        weightedMode: 0
        inWeight: 0
        outWeight: 0
      - serializedVersion: 3
        time: 1
        value: 1
        inSlope: 0
        outSlope: 0
        tangentMode: 0
        weightedMode: 0
        inWeight: 0
        outWeight: 0
      m_PreInfinity: 2
      m_PostInfinity: 2
      m_RotationOrder: 4
    m_MixOutCurve:
      serializedVersion: 2
      m_Curve:
      - serializedVersion: 3
        time: 0
        value: 1
        inSlope: 0
        outSlope: 0
        tangentMode: 0
        weightedMode: 0
        inWeight: 0
        outWeight: 0
      - serializedVersion: 3
        time: 1
        value: 0
        inSlope: 0
        outSlope: 0
        tangentMode: 0
        weightedMode: 0
        inWeight: 0
        outWeight: 0
      m_PreInfinity: 2
      m_PostInfinity: 2
      m_RotationOrder: 4
    m_BlendInCurveMode: 0
    m_BlendOutCurveMode: 0
    m_ExposedParameterNames: []
    m_AnimationCurves: {fileID: 0}
    m_Recordable: 0
    m_PostExtrapolationMode: 0
    m_PreExtrapolationMode: 0
    m_PostExtrapolationTime: 0
    m_PreExtrapolationTime: 0
    m_DisplayName: Active
  m_Markers:
    m_Objects: []
  m_PostPlaybackState: 3
--- !u!114 &-7006869618091005762
MonoBehaviour:
  m_ObjectHideFlags: 1
  m_CorrespondingSourceObject: {fileID: 0}
  m_PrefabInstance: {fileID: 0}
  m_PrefabAsset: {fileID: 0}
  m_GameObject: {fileID: 0}
  m_Enabled: 1
  m_EditorHideFlags: 0
  m_Script: {fileID: 11500000, guid: 030f85c3f73729f4f976f66ffb23b875, type: 3}
  m_Name: AnimationPlayableAsset(Clone)(Clone)(Clone)
  m_EditorClassIdentifier: 
  m_Clip: {fileID: -203655887218126122, guid: a996f8bb23d121248842ad03b8995d2d, type: 3}
  m_Position: {x: 98.84, y: 9.9, z: -3679.29}
  m_EulerAngles: {x: 0, y: 0, z: 0}
  m_UseTrackMatchFields: 1
  m_MatchTargetFields: 63
  m_RemoveStartOffset: 1
  m_ApplyFootIK: 1
  m_Loop: 0
  m_Version: 1
  m_Rotation: {x: 0, y: 0, z: 0, w: 1}
--- !u!114 &-6794026139460914959
MonoBehaviour:
  m_ObjectHideFlags: 1
  m_CorrespondingSourceObject: {fileID: 0}
  m_PrefabInstance: {fileID: 0}
  m_PrefabAsset: {fileID: 0}
  m_GameObject: {fileID: 0}
  m_Enabled: 1
  m_EditorHideFlags: 0
  m_Script: {fileID: 11500000, guid: 030f85c3f73729f4f976f66ffb23b875, type: 3}
  m_Name: AnimationPlayableAsset(Clone)
  m_EditorClassIdentifier: 
  m_Clip: {fileID: -203655887218126122, guid: 68ace65e9845d024cb6b67a226917d9f, type: 3}
  m_Position: {x: 98.84, y: 9.9, z: -3679.29}
  m_EulerAngles: {x: 0, y: 0, z: 0}
  m_UseTrackMatchFields: 1
  m_MatchTargetFields: 63
  m_RemoveStartOffset: 1
  m_ApplyFootIK: 1
  m_Loop: 0
  m_Version: 1
  m_Rotation: {x: 0, y: 0, z: 0, w: 1}
--- !u!114 &-6361193014305596856
MonoBehaviour:
  m_ObjectHideFlags: 1
  m_CorrespondingSourceObject: {fileID: 0}
  m_PrefabInstance: {fileID: 0}
  m_PrefabAsset: {fileID: 0}
  m_GameObject: {fileID: 0}
  m_Enabled: 1
  m_EditorHideFlags: 0
  m_Script: {fileID: 11500000, guid: 030f85c3f73729f4f976f66ffb23b875, type: 3}
  m_Name: AnimationPlayableAsset
  m_EditorClassIdentifier: 
  m_Clip: {fileID: -203655887218126122, guid: 722891441dd5ae64daf46646f0814636, type: 3}
  m_Position: {x: 259, y: 754.64, z: 1098.6937}
  m_EulerAngles: {x: 0, y: 180, z: 0}
  m_UseTrackMatchFields: 1
  m_MatchTargetFields: 63
  m_RemoveStartOffset: 1
  m_ApplyFootIK: 1
  m_Loop: 0
  m_Version: 1
  m_Rotation: {x: 0, y: 0, z: 0, w: 1}
--- !u!114 &-6010238700205616217
MonoBehaviour:
  m_ObjectHideFlags: 1
  m_CorrespondingSourceObject: {fileID: 0}
  m_PrefabInstance: {fileID: 0}
  m_PrefabAsset: {fileID: 0}
  m_GameObject: {fileID: 0}
  m_Enabled: 1
  m_EditorHideFlags: 0
  m_Script: {fileID: 11500000, guid: fde0d25a170598d46a0b9dc16b4527a5, type: 3}
  m_Name: ActivationPlayableAsset
  m_EditorClassIdentifier: 
--- !u!114 &-5062853492215413604
MonoBehaviour:
  m_ObjectHideFlags: 1
  m_CorrespondingSourceObject: {fileID: 0}
  m_PrefabInstance: {fileID: 0}
  m_PrefabAsset: {fileID: 0}
  m_GameObject: {fileID: 0}
  m_Enabled: 1
  m_EditorHideFlags: 0
  m_Script: {fileID: 11500000, guid: fde0d25a170598d46a0b9dc16b4527a5, type: 3}
  m_Name: ActivationPlayableAsset
  m_EditorClassIdentifier: 
--- !u!114 &-4344173954171082210
MonoBehaviour:
  m_ObjectHideFlags: 1
  m_CorrespondingSourceObject: {fileID: 0}
  m_PrefabInstance: {fileID: 0}
  m_PrefabAsset: {fileID: 0}
  m_GameObject: {fileID: 0}
  m_Enabled: 1
  m_EditorHideFlags: 0
  m_Script: {fileID: 11500000, guid: d0fc6f5187a81dc47999eefade6f0935, type: 3}
  m_Name: Joka
  m_EditorClassIdentifier: 
  m_Version: 3
  m_AnimClip: {fileID: 0}
  m_Locked: 0
  m_Muted: 0
  m_CustomPlayableFullTypename: 
  m_Curves: {fileID: 0}
  m_Parent: {fileID: 11400000}
  m_Children:
  - {fileID: 196680018919428468}
  - {fileID: -7047444561935405134}
  m_Clips: []
  m_Markers:
    m_Objects: []
--- !u!114 &-3707448812622589223
MonoBehaviour:
  m_ObjectHideFlags: 1
  m_CorrespondingSourceObject: {fileID: 0}
  m_PrefabInstance: {fileID: 0}
  m_PrefabAsset: {fileID: 0}
  m_GameObject: {fileID: 0}
  m_Enabled: 1
  m_EditorHideFlags: 0
  m_Script: {fileID: 11500000, guid: 030f85c3f73729f4f976f66ffb23b875, type: 3}
  m_Name: AnimationPlayableAsset(Clone)(Clone)(Clone)(Clone)
  m_EditorClassIdentifier: 
  m_Clip: {fileID: -203655887218126122, guid: 722891441dd5ae64daf46646f0814636, type: 3}
  m_Position: {x: 259, y: 754.64, z: 1098.6937}
  m_EulerAngles: {x: 0, y: 180, z: 0}
  m_UseTrackMatchFields: 1
  m_MatchTargetFields: 63
  m_RemoveStartOffset: 1
  m_ApplyFootIK: 1
  m_Loop: 0
  m_Version: 1
  m_Rotation: {x: 0, y: 0, z: 0, w: 1}
--- !u!114 &-3627132126007502736
MonoBehaviour:
  m_ObjectHideFlags: 1
  m_CorrespondingSourceObject: {fileID: 0}
  m_PrefabInstance: {fileID: 0}
  m_PrefabAsset: {fileID: 0}
  m_GameObject: {fileID: 0}
  m_Enabled: 1
  m_EditorHideFlags: 0
  m_Script: {fileID: 11500000, guid: 030f85c3f73729f4f976f66ffb23b875, type: 3}
  m_Name: AnimationPlayableAsset(Clone)
  m_EditorClassIdentifier: 
  m_Clip: {fileID: -203655887218126122, guid: 722891441dd5ae64daf46646f0814636, type: 3}
  m_Position: {x: 259, y: 754.64, z: 1098.6937}
  m_EulerAngles: {x: 0, y: 180, z: 0}
  m_UseTrackMatchFields: 1
  m_MatchTargetFields: 63
  m_RemoveStartOffset: 1
  m_ApplyFootIK: 1
  m_Loop: 0
  m_Version: 1
  m_Rotation: {x: 0, y: 0, z: 0, w: 1}
--- !u!114 &-3594431568068656542
MonoBehaviour:
  m_ObjectHideFlags: 1
  m_CorrespondingSourceObject: {fileID: 0}
  m_PrefabInstance: {fileID: 0}
  m_PrefabAsset: {fileID: 0}
  m_GameObject: {fileID: 0}
  m_Enabled: 1
  m_EditorHideFlags: 0
  m_Script: {fileID: 11500000, guid: 030f85c3f73729f4f976f66ffb23b875, type: 3}
  m_Name: AnimationPlayableAsset(Clone)
  m_EditorClassIdentifier: 
  m_Clip: {fileID: -203655887218126122, guid: a996f8bb23d121248842ad03b8995d2d, type: 3}
  m_Position: {x: 98.84, y: 9.9, z: -3679.29}
  m_EulerAngles: {x: 0, y: 0, z: 0}
  m_UseTrackMatchFields: 1
  m_MatchTargetFields: 63
  m_RemoveStartOffset: 1
  m_ApplyFootIK: 1
  m_Loop: 0
  m_Version: 1
  m_Rotation: {x: 0, y: 0, z: 0, w: 1}
--- !u!114 &-3034494928536918345
MonoBehaviour:
  m_ObjectHideFlags: 1
  m_CorrespondingSourceObject: {fileID: 0}
  m_PrefabInstance: {fileID: 0}
  m_PrefabAsset: {fileID: 0}
  m_GameObject: {fileID: 0}
  m_Enabled: 1
  m_EditorHideFlags: 0
  m_Script: {fileID: 11500000, guid: 030f85c3f73729f4f976f66ffb23b875, type: 3}
  m_Name: AnimationPlayableAsset(Clone)(Clone)(Clone)
  m_EditorClassIdentifier: 
  m_Clip: {fileID: -203655887218126122, guid: 722891441dd5ae64daf46646f0814636, type: 3}
  m_Position: {x: 259, y: 754.64, z: 1098.6937}
  m_EulerAngles: {x: 0, y: 180, z: 0}
  m_UseTrackMatchFields: 1
  m_MatchTargetFields: 63
  m_RemoveStartOffset: 1
  m_ApplyFootIK: 1
  m_Loop: 0
  m_Version: 1
  m_Rotation: {x: 0, y: 0, z: 0, w: 1}
--- !u!114 &-2435494653723355891
MonoBehaviour:
  m_ObjectHideFlags: 1
  m_CorrespondingSourceObject: {fileID: 0}
  m_PrefabInstance: {fileID: 0}
  m_PrefabAsset: {fileID: 0}
  m_GameObject: {fileID: 0}
  m_Enabled: 1
  m_EditorHideFlags: 0
  m_Script: {fileID: 11500000, guid: 21bf7f712d84d26478ebe6a299f21738, type: 3}
  m_Name: Activation Track
  m_EditorClassIdentifier: 
  m_Version: 3
  m_AnimClip: {fileID: 0}
  m_Locked: 0
  m_Muted: 0
  m_CustomPlayableFullTypename: 
  m_Curves: {fileID: 0}
  m_Parent: {fileID: 11400000}
  m_Children: []
  m_Clips:
  - m_Version: 1
    m_Start: 13.516666666666662
    m_ClipIn: 0
    m_Asset: {fileID: 5341918267451197195}
    m_Duration: 232.99999999999957
    m_TimeScale: 1
    m_ParentTrack: {fileID: -2435494653723355891}
    m_EaseInDuration: 0
    m_EaseOutDuration: 0
    m_BlendInDuration: 0
    m_BlendOutDuration: 0
    m_MixInCurve:
      serializedVersion: 2
      m_Curve:
      - serializedVersion: 3
        time: 0
        value: 0
        inSlope: 0
        outSlope: 0
        tangentMode: 0
        weightedMode: 0
        inWeight: 0
        outWeight: 0
      - serializedVersion: 3
        time: 1
        value: 1
        inSlope: 0
        outSlope: 0
        tangentMode: 0
        weightedMode: 0
        inWeight: 0
        outWeight: 0
      m_PreInfinity: 2
      m_PostInfinity: 2
      m_RotationOrder: 4
    m_MixOutCurve:
      serializedVersion: 2
      m_Curve:
      - serializedVersion: 3
        time: 0
        value: 1
        inSlope: 0
        outSlope: 0
        tangentMode: 0
        weightedMode: 0
        inWeight: 0
        outWeight: 0
      - serializedVersion: 3
        time: 1
        value: 0
        inSlope: 0
        outSlope: 0
        tangentMode: 0
        weightedMode: 0
        inWeight: 0
        outWeight: 0
      m_PreInfinity: 2
      m_PostInfinity: 2
      m_RotationOrder: 4
    m_BlendInCurveMode: 0
    m_BlendOutCurveMode: 0
    m_ExposedParameterNames: []
    m_AnimationCurves: {fileID: 0}
    m_Recordable: 0
    m_PostExtrapolationMode: 0
    m_PreExtrapolationMode: 0
    m_PostExtrapolationTime: 0
    m_PreExtrapolationTime: 0
    m_DisplayName: Active
  m_Markers:
    m_Objects: []
  m_PostPlaybackState: 3
--- !u!114 &-1961296051334080522
MonoBehaviour:
  m_ObjectHideFlags: 1
  m_CorrespondingSourceObject: {fileID: 0}
  m_PrefabInstance: {fileID: 0}
  m_PrefabAsset: {fileID: 0}
  m_GameObject: {fileID: 0}
  m_Enabled: 1
  m_EditorHideFlags: 0
  m_Script: {fileID: 11500000, guid: d0fc6f5187a81dc47999eefade6f0935, type: 3}
  m_Name: Humans
  m_EditorClassIdentifier: 
  m_Version: 3
  m_AnimClip: {fileID: 0}
  m_Locked: 0
  m_Muted: 0
  m_CustomPlayableFullTypename: 
  m_Curves: {fileID: 0}
  m_Parent: {fileID: 11400000}
  m_Children:
  - {fileID: -1809584204656199858}
  - {fileID: 2892477024291113995}
  - {fileID: 2563391870502906920}
  - {fileID: 404520823587421476}
  m_Clips: []
  m_Markers:
    m_Objects: []
--- !u!114 &-1872087985629877829
MonoBehaviour:
  m_ObjectHideFlags: 1
  m_CorrespondingSourceObject: {fileID: 0}
  m_PrefabInstance: {fileID: 0}
  m_PrefabAsset: {fileID: 0}
  m_GameObject: {fileID: 0}
  m_Enabled: 1
  m_EditorHideFlags: 0
  m_Script: {fileID: 11500000, guid: 030f85c3f73729f4f976f66ffb23b875, type: 3}
  m_Name: AnimationPlayableAsset(Clone)(Clone)
  m_EditorClassIdentifier: 
  m_Clip: {fileID: -203655887218126122, guid: a996f8bb23d121248842ad03b8995d2d, type: 3}
  m_Position: {x: 98.84, y: 9.9, z: -3679.29}
  m_EulerAngles: {x: 0, y: 0, z: 0}
  m_UseTrackMatchFields: 1
  m_MatchTargetFields: 63
  m_RemoveStartOffset: 1
  m_ApplyFootIK: 1
  m_Loop: 0
  m_Version: 1
  m_Rotation: {x: 0, y: 0, z: 0, w: 1}
--- !u!114 &-1809584204656199858
MonoBehaviour:
  m_ObjectHideFlags: 1
  m_CorrespondingSourceObject: {fileID: 0}
  m_PrefabInstance: {fileID: 0}
  m_PrefabAsset: {fileID: 0}
  m_GameObject: {fileID: 0}
  m_Enabled: 1
  m_EditorHideFlags: 0
  m_Script: {fileID: 11500000, guid: 21bf7f712d84d26478ebe6a299f21738, type: 3}
  m_Name: Activation Track
  m_EditorClassIdentifier: 
  m_Version: 3
  m_AnimClip: {fileID: 0}
  m_Locked: 0
  m_Muted: 0
  m_CustomPlayableFullTypename: 
  m_Curves: {fileID: 0}
  m_Parent: {fileID: -1961296051334080522}
  m_Children: []
  m_Clips:
  - m_Version: 1
    m_Start: 0
    m_ClipIn: 0
    m_Asset: {fileID: -6010238700205616217}
    m_Duration: 10.1
    m_TimeScale: 1
    m_ParentTrack: {fileID: -1809584204656199858}
    m_EaseInDuration: 0
    m_EaseOutDuration: 0
    m_BlendInDuration: 0
    m_BlendOutDuration: 0
    m_MixInCurve:
      serializedVersion: 2
      m_Curve:
      - serializedVersion: 3
        time: 0
        value: 0
        inSlope: 0
        outSlope: 0
        tangentMode: 0
        weightedMode: 0
        inWeight: 0
        outWeight: 0
      - serializedVersion: 3
        time: 1
        value: 1
        inSlope: 0
        outSlope: 0
        tangentMode: 0
        weightedMode: 0
        inWeight: 0
        outWeight: 0
      m_PreInfinity: 2
      m_PostInfinity: 2
      m_RotationOrder: 4
    m_MixOutCurve:
      serializedVersion: 2
      m_Curve:
      - serializedVersion: 3
        time: 0
        value: 1
        inSlope: 0
        outSlope: 0
        tangentMode: 0
        weightedMode: 0
        inWeight: 0
        outWeight: 0
      - serializedVersion: 3
        time: 1
        value: 0
        inSlope: 0
        outSlope: 0
        tangentMode: 0
        weightedMode: 0
        inWeight: 0
        outWeight: 0
      m_PreInfinity: 2
      m_PostInfinity: 2
      m_RotationOrder: 4
    m_BlendInCurveMode: 0
    m_BlendOutCurveMode: 0
    m_ExposedParameterNames: []
    m_AnimationCurves: {fileID: 0}
    m_Recordable: 0
    m_PostExtrapolationMode: 0
    m_PreExtrapolationMode: 0
    m_PostExtrapolationTime: 0
    m_PreExtrapolationTime: 0
    m_DisplayName: Active
  m_Markers:
    m_Objects: []
  m_PostPlaybackState: 3
--- !u!114 &-1612914310993890788
MonoBehaviour:
  m_ObjectHideFlags: 1
  m_CorrespondingSourceObject: {fileID: 0}
  m_PrefabInstance: {fileID: 0}
  m_PrefabAsset: {fileID: 0}
  m_GameObject: {fileID: 0}
  m_Enabled: 1
  m_EditorHideFlags: 0
  m_Script: {fileID: 11500000, guid: 030f85c3f73729f4f976f66ffb23b875, type: 3}
  m_Name: AnimationPlayableAsset
  m_EditorClassIdentifier: 
  m_Clip: {fileID: -203655887218126122, guid: a996f8bb23d121248842ad03b8995d2d, type: 3}
  m_Position: {x: 98.84, y: 9.9, z: -3679.29}
  m_EulerAngles: {x: 0, y: 0, z: 0}
  m_UseTrackMatchFields: 1
  m_MatchTargetFields: 63
  m_RemoveStartOffset: 1
  m_ApplyFootIK: 1
  m_Loop: 0
  m_Version: 1
  m_Rotation: {x: 0, y: 0, z: 0, w: 1}
--- !u!114 &-754277411018475955
MonoBehaviour:
  m_ObjectHideFlags: 1
  m_CorrespondingSourceObject: {fileID: 0}
  m_PrefabInstance: {fileID: 0}
  m_PrefabAsset: {fileID: 0}
  m_GameObject: {fileID: 0}
  m_Enabled: 1
  m_EditorHideFlags: 0
  m_Script: {fileID: 11500000, guid: 030f85c3f73729f4f976f66ffb23b875, type: 3}
  m_Name: AnimationPlayableAsset(Clone)(Clone)
  m_EditorClassIdentifier: 
  m_Clip: {fileID: -203655887218126122, guid: 22288aa40968d57439dd0ada2befbd7c, type: 3}
  m_Position: {x: 100.81, y: 10.1, z: -3677.3}
  m_EulerAngles: {x: 0, y: 0, z: 0}
  m_UseTrackMatchFields: 1
  m_MatchTargetFields: 0
  m_RemoveStartOffset: 1
  m_ApplyFootIK: 1
  m_Loop: 0
  m_Version: 1
  m_Rotation: {x: 0, y: 0, z: 0, w: 1}
--- !u!114 &-544906078686338043
MonoBehaviour:
  m_ObjectHideFlags: 1
  m_CorrespondingSourceObject: {fileID: 0}
  m_PrefabInstance: {fileID: 0}
  m_PrefabAsset: {fileID: 0}
  m_GameObject: {fileID: 0}
  m_Enabled: 1
  m_EditorHideFlags: 0
  m_Script: {fileID: 11500000, guid: 030f85c3f73729f4f976f66ffb23b875, type: 3}
  m_Name: AnimationPlayableAsset
  m_EditorClassIdentifier: 
  m_Clip: {fileID: -203655887218126122, guid: 68ace65e9845d024cb6b67a226917d9f, type: 3}
  m_Position: {x: 98.84, y: 9.9, z: -3679.29}
  m_EulerAngles: {x: 0, y: 0, z: 0}
  m_UseTrackMatchFields: 1
  m_MatchTargetFields: 63
  m_RemoveStartOffset: 1
  m_ApplyFootIK: 1
  m_Loop: 0
  m_Version: 1
  m_Rotation: {x: 0, y: 0, z: 0, w: 1}
--- !u!114 &-258041015481238469
MonoBehaviour:
  m_ObjectHideFlags: 1
  m_CorrespondingSourceObject: {fileID: 0}
  m_PrefabInstance: {fileID: 0}
  m_PrefabAsset: {fileID: 0}
  m_GameObject: {fileID: 0}
  m_Enabled: 1
  m_EditorHideFlags: 0
  m_Script: {fileID: 11500000, guid: 030f85c3f73729f4f976f66ffb23b875, type: 3}
  m_Name: AnimationPlayableAsset(Clone)(Clone)
  m_EditorClassIdentifier: 
  m_Clip: {fileID: -203655887218126122, guid: 722891441dd5ae64daf46646f0814636, type: 3}
  m_Position: {x: 259, y: 754.64, z: 1098.6937}
  m_EulerAngles: {x: 0, y: 180, z: 0}
  m_UseTrackMatchFields: 1
  m_MatchTargetFields: 63
  m_RemoveStartOffset: 1
  m_ApplyFootIK: 1
  m_Loop: 0
  m_Version: 1
  m_Rotation: {x: 0, y: 0, z: 0, w: 1}
--- !u!114 &11400000
MonoBehaviour:
  m_ObjectHideFlags: 0
  m_CorrespondingSourceObject: {fileID: 0}
  m_PrefabInstance: {fileID: 0}
  m_PrefabAsset: {fileID: 0}
  m_GameObject: {fileID: 0}
  m_Enabled: 1
  m_EditorHideFlags: 0
  m_Script: {fileID: 11500000, guid: bfda56da833e2384a9677cd3c976a436, type: 3}
  m_Name: HumansWon
  m_EditorClassIdentifier: 
  m_Version: 0
  m_Tracks:
  - {fileID: -1961296051334080522}
  - {fileID: -4344173954171082210}
  - {fileID: 87487156466000859}
  - {fileID: -7640939449841887315}
  - {fileID: -2435494653723355891}
  m_FixedDuration: 0
  m_EditorSettings:
    m_Framerate: 60
    m_ScenePreview: 1
  m_DurationMode: 0
  m_MarkerTrack: {fileID: -8658220645709138588}
--- !u!114 &87487156466000859
MonoBehaviour:
  m_ObjectHideFlags: 1
  m_CorrespondingSourceObject: {fileID: 0}
  m_PrefabInstance: {fileID: 0}
  m_PrefabAsset: {fileID: 0}
  m_GameObject: {fileID: 0}
  m_Enabled: 1
  m_EditorHideFlags: 0
  m_Script: {fileID: 11500000, guid: d21dcc2386d650c4597f3633c75a1f98, type: 3}
  m_Name: Animation Track
  m_EditorClassIdentifier: 
  m_Version: 3
  m_AnimClip: {fileID: 0}
  m_Locked: 0
  m_Muted: 0
  m_CustomPlayableFullTypename: 
  m_Curves: {fileID: 0}
  m_Parent: {fileID: 11400000}
  m_Children: []
  m_Clips:
  - m_Version: 1
    m_Start: 0
    m_ClipIn: 0
    m_Asset: {fileID: 1538389941662539284}
    m_Duration: 1.2166666666666666
    m_TimeScale: 1
    m_ParentTrack: {fileID: 87487156466000859}
    m_EaseInDuration: 0
    m_EaseOutDuration: 0
    m_BlendInDuration: -1
    m_BlendOutDuration: -1
    m_MixInCurve:
      serializedVersion: 2
      m_Curve:
      - serializedVersion: 3
        time: 0
        value: 0
        inSlope: 0
        outSlope: 0
        tangentMode: 0
        weightedMode: 0
        inWeight: 0
        outWeight: 0
      - serializedVersion: 3
        time: 1
        value: 1
        inSlope: 0
        outSlope: 0
        tangentMode: 0
        weightedMode: 0
        inWeight: 0
        outWeight: 0
      m_PreInfinity: 2
      m_PostInfinity: 2
      m_RotationOrder: 4
    m_MixOutCurve:
      serializedVersion: 2
      m_Curve:
      - serializedVersion: 3
        time: 0
        value: 1
        inSlope: 0
        outSlope: 0
        tangentMode: 34
        weightedMode: 0
        inWeight: 0
        outWeight: 0
      - serializedVersion: 3
        time: 1
        value: 1
        inSlope: 0
        outSlope: 0
        tangentMode: 34
        weightedMode: 0
        inWeight: 0
        outWeight: 0
      m_PreInfinity: 2
      m_PostInfinity: 2
      m_RotationOrder: 4
    m_BlendInCurveMode: 0
    m_BlendOutCurveMode: 1
    m_ExposedParameterNames: []
    m_AnimationCurves: {fileID: 0}
    m_Recordable: 0
    m_PostExtrapolationMode: 1
    m_PreExtrapolationMode: 1
    m_PostExtrapolationTime: Infinity
    m_PreExtrapolationTime: 0
    m_DisplayName: humans won
  m_Markers:
    m_Objects: []
  m_InfiniteClipPreExtrapolation: 0
  m_InfiniteClipPostExtrapolation: 0
  m_InfiniteClipOffsetPosition: {x: 0, y: 0, z: 0}
  m_InfiniteClipOffsetEulerAngles: {x: 0, y: 0, z: 0}
  m_InfiniteClipTimeOffset: 0
  m_InfiniteClipRemoveOffset: 0
  m_InfiniteClipApplyFootIK: 1
  mInfiniteClipLoop: 0
  m_MatchTargetFields: 63
  m_Position: {x: 0, y: 0, z: 0}
  m_EulerAngles: {x: 0, y: 0, z: 0}
  m_AvatarMask: {fileID: 0}
  m_ApplyAvatarMask: 1
  m_TrackOffset: 0
  m_InfiniteClip: {fileID: 0}
  m_OpenClipOffsetRotation: {x: 0, y: 0, z: 0, w: 1}
  m_Rotation: {x: 0, y: 0, z: 0, w: 1}
  m_ApplyOffsets: 0
--- !u!114 &196680018919428468
MonoBehaviour:
  m_ObjectHideFlags: 1
  m_CorrespondingSourceObject: {fileID: 0}
  m_PrefabInstance: {fileID: 0}
  m_PrefabAsset: {fileID: 0}
  m_GameObject: {fileID: 0}
  m_Enabled: 1
  m_EditorHideFlags: 0
  m_Script: {fileID: 11500000, guid: d21dcc2386d650c4597f3633c75a1f98, type: 3}
  m_Name: Animation Track (3)
  m_EditorClassIdentifier: 
  m_Version: 3
  m_AnimClip: {fileID: 0}
  m_Locked: 0
  m_Muted: 0
  m_CustomPlayableFullTypename: 
  m_Curves: {fileID: 0}
  m_Parent: {fileID: -4344173954171082210}
  m_Children: []
  m_Clips:
  - m_Version: 1
    m_Start: 10.1
    m_ClipIn: 0
    m_Asset: {fileID: -6361193014305596856}
    m_Duration: 1.9666666666666666
    m_TimeScale: 1
    m_ParentTrack: {fileID: 196680018919428468}
    m_EaseInDuration: 0
    m_EaseOutDuration: 0
    m_BlendInDuration: -1
    m_BlendOutDuration: 0.16666666666666785
    m_MixInCurve:
      serializedVersion: 2
      m_Curve:
      - serializedVersion: 3
        time: 0
        value: 0
        inSlope: 0
        outSlope: 0
        tangentMode: 0
        weightedMode: 0
        inWeight: 0
        outWeight: 0
      - serializedVersion: 3
        time: 1
        value: 1
        inSlope: 0
        outSlope: 0
        tangentMode: 0
        weightedMode: 0
        inWeight: 0
        outWeight: 0
      m_PreInfinity: 2
      m_PostInfinity: 2
      m_RotationOrder: 4
    m_MixOutCurve:
      serializedVersion: 2
      m_Curve: []
      m_PreInfinity: 2
      m_PostInfinity: 2
      m_RotationOrder: 4
    m_BlendInCurveMode: 0
    m_BlendOutCurveMode: 0
    m_ExposedParameterNames: []
    m_AnimationCurves: {fileID: 0}
    m_Recordable: 0
    m_PostExtrapolationMode: 2
    m_PreExtrapolationMode: 1
    m_PostExtrapolationTime: 0
    m_PreExtrapolationTime: 10.1
    m_DisplayName: mixamo.com
  - m_Version: 1
    m_Start: 11.899999999999999
    m_ClipIn: 0
    m_Asset: {fileID: 3613300030348533475}
    m_Duration: 1.9666666666666666
    m_TimeScale: 1
    m_ParentTrack: {fileID: 196680018919428468}
    m_EaseInDuration: 0
    m_EaseOutDuration: 0
    m_BlendInDuration: 0.16666666666666785
    m_BlendOutDuration: 0.3500000000000032
    m_MixInCurve:
      serializedVersion: 2
      m_Curve: []
      m_PreInfinity: 2
      m_PostInfinity: 2
      m_RotationOrder: 4
    m_MixOutCurve:
      serializedVersion: 2
      m_Curve: []
      m_PreInfinity: 2
      m_PostInfinity: 2
      m_RotationOrder: 4
    m_BlendInCurveMode: 0
    m_BlendOutCurveMode: 0
    m_ExposedParameterNames: []
    m_AnimationCurves: {fileID: 0}
    m_Recordable: 0
    m_PostExtrapolationMode: 2
    m_PreExtrapolationMode: 1
    m_PostExtrapolationTime: 0
    m_PreExtrapolationTime: 0
    m_DisplayName: mixamo.com
  - m_Version: 1
    m_Start: 13.516666666666662
    m_ClipIn: 0
    m_Asset: {fileID: -258041015481238469}
    m_Duration: 1.9666666666666666
    m_TimeScale: 1
    m_ParentTrack: {fileID: 196680018919428468}
    m_EaseInDuration: 0
    m_EaseOutDuration: 0
    m_BlendInDuration: 0.3500000000000032
    m_BlendOutDuration: 0.3166666666666629
    m_MixInCurve:
      serializedVersion: 2
      m_Curve: []
      m_PreInfinity: 2
      m_PostInfinity: 2
      m_RotationOrder: 4
    m_MixOutCurve:
      serializedVersion: 2
      m_Curve: []
      m_PreInfinity: 2
      m_PostInfinity: 2
      m_RotationOrder: 4
    m_BlendInCurveMode: 0
    m_BlendOutCurveMode: 0
    m_ExposedParameterNames: []
    m_AnimationCurves: {fileID: 0}
    m_Recordable: 0
    m_PostExtrapolationMode: 2
    m_PreExtrapolationMode: 1
    m_PostExtrapolationTime: 0
    m_PreExtrapolationTime: 0
    m_DisplayName: mixamo.com
  - m_Version: 1
    m_Start: 15.166666666666666
    m_ClipIn: 0
    m_Asset: {fileID: -3627132126007502736}
    m_Duration: 1.9666666666666666
    m_TimeScale: 1
    m_ParentTrack: {fileID: 196680018919428468}
    m_EaseInDuration: 0
    m_EaseOutDuration: 0
    m_BlendInDuration: 0.3166666666666629
    m_BlendOutDuration: 0.1666666666666643
    m_MixInCurve:
      serializedVersion: 2
      m_Curve: []
      m_PreInfinity: 2
      m_PostInfinity: 2
      m_RotationOrder: 4
    m_MixOutCurve:
      serializedVersion: 2
      m_Curve: []
      m_PreInfinity: 2
      m_PostInfinity: 2
      m_RotationOrder: 4
    m_BlendInCurveMode: 0
    m_BlendOutCurveMode: 0
    m_ExposedParameterNames: []
    m_AnimationCurves: {fileID: 0}
    m_Recordable: 0
    m_PostExtrapolationMode: 2
    m_PreExtrapolationMode: 1
    m_PostExtrapolationTime: 0
    m_PreExtrapolationTime: 0
    m_DisplayName: mixamo.com
  - m_Version: 1
    m_Start: 16.96666666666667
    m_ClipIn: 0
    m_Asset: {fileID: 8696284327845546047}
    m_Duration: 1.9666666666666666
    m_TimeScale: 1
    m_ParentTrack: {fileID: 196680018919428468}
    m_EaseInDuration: 0
    m_EaseOutDuration: 0
    m_BlendInDuration: 0.1666666666666643
    m_BlendOutDuration: 0.350000000000005
    m_MixInCurve:
      serializedVersion: 2
      m_Curve: []
      m_PreInfinity: 2
      m_PostInfinity: 2
      m_RotationOrder: 4
    m_MixOutCurve:
      serializedVersion: 2
      m_Curve: []
      m_PreInfinity: 2
      m_PostInfinity: 2
      m_RotationOrder: 4
    m_BlendInCurveMode: 0
    m_BlendOutCurveMode: 0
    m_ExposedParameterNames: []
    m_AnimationCurves: {fileID: 0}
    m_Recordable: 0
    m_PostExtrapolationMode: 2
    m_PreExtrapolationMode: 1
    m_PostExtrapolationTime: 0
    m_PreExtrapolationTime: 0
    m_DisplayName: mixamo.com
  - m_Version: 1
    m_Start: 18.58333333333333
    m_ClipIn: 0
    m_Asset: {fileID: -3034494928536918345}
    m_Duration: 1.9666666666666666
    m_TimeScale: 1
    m_ParentTrack: {fileID: 196680018919428468}
    m_EaseInDuration: 0
    m_EaseOutDuration: 0
    m_BlendInDuration: 0.350000000000005
    m_BlendOutDuration: 0.11666666666665293
    m_MixInCurve:
      serializedVersion: 2
      m_Curve: []
      m_PreInfinity: 2
      m_PostInfinity: 2
      m_RotationOrder: 4
    m_MixOutCurve:
      serializedVersion: 2
      m_Curve: []
      m_PreInfinity: 2
      m_PostInfinity: 2
      m_RotationOrder: 4
    m_BlendInCurveMode: 0
    m_BlendOutCurveMode: 0
    m_ExposedParameterNames: []
    m_AnimationCurves: {fileID: 0}
    m_Recordable: 0
    m_PostExtrapolationMode: 2
    m_PreExtrapolationMode: 1
    m_PostExtrapolationTime: 0
    m_PreExtrapolationTime: 0
    m_DisplayName: mixamo.com
  - m_Version: 1
    m_Start: 20.43333333333334
    m_ClipIn: 0
    m_Asset: {fileID: -9165767473164918302}
    m_Duration: 1.9666666666666666
    m_TimeScale: 1
    m_ParentTrack: {fileID: 196680018919428468}
    m_EaseInDuration: 0
    m_EaseOutDuration: 0
    m_BlendInDuration: 0.11666666666665293
    m_BlendOutDuration: 0.350000000000005
    m_MixInCurve:
      serializedVersion: 2
      m_Curve: []
      m_PreInfinity: 2
      m_PostInfinity: 2
      m_RotationOrder: 4
    m_MixOutCurve:
      serializedVersion: 2
      m_Curve: []
      m_PreInfinity: 2
      m_PostInfinity: 2
      m_RotationOrder: 4
    m_BlendInCurveMode: 0
    m_BlendOutCurveMode: 0
    m_ExposedParameterNames: []
    m_AnimationCurves: {fileID: 0}
    m_Recordable: 0
    m_PostExtrapolationMode: 2
    m_PreExtrapolationMode: 1
    m_PostExtrapolationTime: 0
    m_PreExtrapolationTime: 0
    m_DisplayName: mixamo.com
  - m_Version: 1
    m_Start: 22.05
    m_ClipIn: 0
    m_Asset: {fileID: -3707448812622589223}
    m_Duration: 1.9666666666666666
    m_TimeScale: 1
    m_ParentTrack: {fileID: 196680018919428468}
    m_EaseInDuration: 0
    m_EaseOutDuration: 0
    m_BlendInDuration: 0.350000000000005
    m_BlendOutDuration: -1
    m_MixInCurve:
      serializedVersion: 2
      m_Curve: []
      m_PreInfinity: 2
      m_PostInfinity: 2
      m_RotationOrder: 4
    m_MixOutCurve:
      serializedVersion: 2
      m_Curve:
      - serializedVersion: 3
        time: 0
        value: 1
        inSlope: 0
        outSlope: 0
        tangentMode: 0
        weightedMode: 0
        inWeight: 0
        outWeight: 0
      - serializedVersion: 3
        time: 1
        value: 0
        inSlope: 0
        outSlope: 0
        tangentMode: 0
        weightedMode: 0
        inWeight: 0
        outWeight: 0
      m_PreInfinity: 2
      m_PostInfinity: 2
      m_RotationOrder: 4
    m_BlendInCurveMode: 0
    m_BlendOutCurveMode: 0
    m_ExposedParameterNames: []
    m_AnimationCurves: {fileID: 0}
    m_Recordable: 0
    m_PostExtrapolationMode: 2
    m_PreExtrapolationMode: 1
    m_PostExtrapolationTime: Infinity
    m_PreExtrapolationTime: 0
    m_DisplayName: mixamo.com
  m_Markers:
    m_Objects: []
  m_InfiniteClipPreExtrapolation: 0
  m_InfiniteClipPostExtrapolation: 0
  m_InfiniteClipOffsetPosition: {x: 0, y: 0, z: 0}
  m_InfiniteClipOffsetEulerAngles: {x: 0, y: 0, z: 0}
  m_InfiniteClipTimeOffset: 0
  m_InfiniteClipRemoveOffset: 0
  m_InfiniteClipApplyFootIK: 1
  mInfiniteClipLoop: 0
  m_MatchTargetFields: 63
  m_Position: {x: 0, y: 0, z: 0}
  m_EulerAngles: {x: 0, y: 0, z: 0}
  m_AvatarMask: {fileID: 0}
  m_ApplyAvatarMask: 1
  m_TrackOffset: 0
  m_InfiniteClip: {fileID: 0}
  m_OpenClipOffsetRotation: {x: 0, y: 0, z: 0, w: 1}
  m_Rotation: {x: 0, y: 0, z: 0, w: 1}
  m_ApplyOffsets: 0
--- !u!114 &339698809153575576
MonoBehaviour:
  m_ObjectHideFlags: 1
  m_CorrespondingSourceObject: {fileID: 0}
  m_PrefabInstance: {fileID: 0}
  m_PrefabAsset: {fileID: 0}
  m_GameObject: {fileID: 0}
  m_Enabled: 1
  m_EditorHideFlags: 0
  m_Script: {fileID: 11500000, guid: 030f85c3f73729f4f976f66ffb23b875, type: 3}
  m_Name: AnimationPlayableAsset(Clone)(Clone)(Clone)
  m_EditorClassIdentifier: 
  m_Clip: {fileID: -203655887218126122, guid: 68ace65e9845d024cb6b67a226917d9f, type: 3}
  m_Position: {x: 98.84, y: 9.9, z: -3679.29}
  m_EulerAngles: {x: 0, y: 0, z: 0}
  m_UseTrackMatchFields: 1
  m_MatchTargetFields: 63
  m_RemoveStartOffset: 1
  m_ApplyFootIK: 1
  m_Loop: 0
  m_Version: 1
  m_Rotation: {x: 0, y: 0, z: 0, w: 1}
--- !u!114 &404520823587421476
MonoBehaviour:
  m_ObjectHideFlags: 1
  m_CorrespondingSourceObject: {fileID: 0}
  m_PrefabInstance: {fileID: 0}
  m_PrefabAsset: {fileID: 0}
  m_GameObject: {fileID: 0}
  m_Enabled: 1
  m_EditorHideFlags: 0
  m_Script: {fileID: 11500000, guid: d21dcc2386d650c4597f3633c75a1f98, type: 3}
  m_Name: Animation Track
  m_EditorClassIdentifier: 
  m_Version: 3
  m_AnimClip: {fileID: 0}
  m_Locked: 0
  m_Muted: 0
  m_CustomPlayableFullTypename: 
  m_Curves: {fileID: 0}
  m_Parent: {fileID: -1961296051334080522}
  m_Children: []
  m_Clips:
  - m_Version: 1
    m_Start: 0
    m_ClipIn: 0
    m_Asset: {fileID: -7200622340320207705}
    m_Duration: 4.5
    m_TimeScale: 1
    m_ParentTrack: {fileID: 404520823587421476}
    m_EaseInDuration: 0
    m_EaseOutDuration: 0
    m_BlendInDuration: -1
    m_BlendOutDuration: 0.4666666666666668
    m_MixInCurve:
      serializedVersion: 2
      m_Curve:
      - serializedVersion: 3
        time: 0
        value: 0
        inSlope: 0
        outSlope: 0
        tangentMode: 0
        weightedMode: 0
        inWeight: 0
        outWeight: 0
      - serializedVersion: 3
        time: 1
        value: 1
        inSlope: 0
        outSlope: 0
        tangentMode: 0
        weightedMode: 0
        inWeight: 0
        outWeight: 0
      m_PreInfinity: 2
      m_PostInfinity: 2
      m_RotationOrder: 4
    m_MixOutCurve:
      serializedVersion: 2
      m_Curve:
      - serializedVersion: 3
        time: 0
        value: 1
        inSlope: 0
        outSlope: 0
        tangentMode: 0
        weightedMode: 0
        inWeight: 0
        outWeight: 0
      - serializedVersion: 3
        time: 1
        value: 0
        inSlope: 0
        outSlope: 0
        tangentMode: 0
        weightedMode: 0
        inWeight: 0
        outWeight: 0
      m_PreInfinity: 2
      m_PostInfinity: 2
      m_RotationOrder: 4
    m_BlendInCurveMode: 0
    m_BlendOutCurveMode: 0
    m_ExposedParameterNames: []
    m_AnimationCurves: {fileID: 0}
    m_Recordable: 0
    m_PostExtrapolationMode: 2
    m_PreExtrapolationMode: 1
    m_PostExtrapolationTime: 0
    m_PreExtrapolationTime: 0
    m_DisplayName: mixamo.com
  - m_Version: 1
    m_Start: 4.033333333333333
    m_ClipIn: 0
    m_Asset: {fileID: 648447199762106006}
    m_Duration: 4.5
    m_TimeScale: 1
    m_ParentTrack: {fileID: 404520823587421476}
    m_EaseInDuration: 0
    m_EaseOutDuration: 0
    m_BlendInDuration: 0.4666666666666668
    m_BlendOutDuration: 0.7053032392015055
    m_MixInCurve:
      serializedVersion: 2
      m_Curve:
      - serializedVersion: 3
        time: 0
        value: 0
        inSlope: 0
        outSlope: 0
        tangentMode: 0
        weightedMode: 0
        inWeight: 0
        outWeight: 0
      - serializedVersion: 3
        time: 1
        value: 1
        inSlope: 0
        outSlope: 0
        tangentMode: 0
        weightedMode: 0
        inWeight: 0
        outWeight: 0
      m_PreInfinity: 2
      m_PostInfinity: 2
      m_RotationOrder: 4
    m_MixOutCurve:
      serializedVersion: 2
      m_Curve:
      - serializedVersion: 3
        time: 0
        value: 1
        inSlope: 0
        outSlope: 0
        tangentMode: 0
        weightedMode: 0
        inWeight: 0
        outWeight: 0
      - serializedVersion: 3
        time: 1
        value: 0
        inSlope: 0
        outSlope: 0
        tangentMode: 0
        weightedMode: 0
        inWeight: 0
        outWeight: 0
      m_PreInfinity: 2
      m_PostInfinity: 2
      m_RotationOrder: 4
    m_BlendInCurveMode: 0
    m_BlendOutCurveMode: 0
    m_ExposedParameterNames: []
    m_AnimationCurves: {fileID: 0}
    m_Recordable: 0
    m_PostExtrapolationMode: 2
    m_PreExtrapolationMode: 1
    m_PostExtrapolationTime: 0
    m_PreExtrapolationTime: 0
    m_DisplayName: mixamo.com
  - m_Version: 1
    m_Start: 11.861363427465161
    m_ClipIn: 0
    m_Asset: {fileID: 5729970058753253583}
    m_Duration: 4.5
    m_TimeScale: 1
    m_ParentTrack: {fileID: 404520823587421476}
    m_EaseInDuration: 0
    m_EaseOutDuration: 0
    m_BlendInDuration: 0.4666666666666668
    m_BlendOutDuration: -1
    m_MixInCurve:
      serializedVersion: 2
      m_Curve:
      - serializedVersion: 3
        time: 0
        value: 0
        inSlope: 0
        outSlope: 0
        tangentMode: 0
        weightedMode: 0
        inWeight: 0
        outWeight: 0
      - serializedVersion: 3
        time: 1
        value: 1
        inSlope: 0
        outSlope: 0
        tangentMode: 0
        weightedMode: 0
        inWeight: 0
        outWeight: 0
      m_PreInfinity: 2
      m_PostInfinity: 2
      m_RotationOrder: 4
    m_MixOutCurve:
      serializedVersion: 2
      m_Curve:
      - serializedVersion: 3
        time: 0
        value: 1
        inSlope: 0
        outSlope: 0
        tangentMode: 0
        weightedMode: 0
        inWeight: 0
        outWeight: 0
      - serializedVersion: 3
        time: 1
        value: 0
        inSlope: 0
        outSlope: 0
        tangentMode: 0
        weightedMode: 0
        inWeight: 0
        outWeight: 0
      m_PreInfinity: 2
      m_PostInfinity: 2
      m_RotationOrder: 4
    m_BlendInCurveMode: 0
    m_BlendOutCurveMode: 0
    m_ExposedParameterNames: []
    m_AnimationCurves: {fileID: 0}
    m_Recordable: 0
    m_PostExtrapolationMode: 2
    m_PreExtrapolationMode: 1
    m_PostExtrapolationTime: Infinity
    m_PreExtrapolationTime: 0
    m_DisplayName: mixamo.com
  - m_Version: 1
    m_Start: 7.828030094131828
    m_ClipIn: 0
    m_Asset: {fileID: 8738851931891981199}
    m_Duration: 4.5
    m_TimeScale: 1
    m_ParentTrack: {fileID: 404520823587421476}
    m_EaseInDuration: 0
    m_EaseOutDuration: 0
    m_BlendInDuration: 0.7053032392015055
    m_BlendOutDuration: 0.4666666666666668
    m_MixInCurve:
      serializedVersion: 2
      m_Curve:
      - serializedVersion: 3
        time: 0
        value: 0
        inSlope: 0
        outSlope: 0
        tangentMode: 0
        weightedMode: 0
        inWeight: 0
        outWeight: 0
      - serializedVersion: 3
        time: 1
        value: 1
        inSlope: 0
        outSlope: 0
        tangentMode: 0
        weightedMode: 0
        inWeight: 0
        outWeight: 0
      m_PreInfinity: 2
      m_PostInfinity: 2
      m_RotationOrder: 4
    m_MixOutCurve:
      serializedVersion: 2
      m_Curve:
      - serializedVersion: 3
        time: 0
        value: 1
        inSlope: 0
        outSlope: 0
        tangentMode: 0
        weightedMode: 0
        inWeight: 0
        outWeight: 0
      - serializedVersion: 3
        time: 1
        value: 0
        inSlope: 0
        outSlope: 0
        tangentMode: 0
        weightedMode: 0
        inWeight: 0
        outWeight: 0
      m_PreInfinity: 2
      m_PostInfinity: 2
      m_RotationOrder: 4
    m_BlendInCurveMode: 0
    m_BlendOutCurveMode: 0
    m_ExposedParameterNames: []
    m_AnimationCurves: {fileID: 0}
    m_Recordable: 0
    m_PostExtrapolationMode: 2
    m_PreExtrapolationMode: 1
    m_PostExtrapolationTime: 0
    m_PreExtrapolationTime: 0
    m_DisplayName: mixamo.com
  m_Markers:
    m_Objects: []
  m_InfiniteClipPreExtrapolation: 0
  m_InfiniteClipPostExtrapolation: 0
  m_InfiniteClipOffsetPosition: {x: 0, y: 0, z: 0}
  m_InfiniteClipOffsetEulerAngles: {x: 0, y: 0, z: 0}
  m_InfiniteClipTimeOffset: 0
  m_InfiniteClipRemoveOffset: 0
  m_InfiniteClipApplyFootIK: 1
  mInfiniteClipLoop: 0
  m_MatchTargetFields: 63
  m_Position: {x: 0, y: 0, z: 0}
  m_EulerAngles: {x: 0, y: 0, z: 0}
  m_AvatarMask: {fileID: 0}
  m_ApplyAvatarMask: 1
  m_TrackOffset: 0
  m_InfiniteClip: {fileID: 0}
  m_OpenClipOffsetRotation: {x: 0, y: 0, z: 0, w: 1}
  m_Rotation: {x: 0, y: 0, z: 0, w: 1}
  m_ApplyOffsets: 0
--- !u!114 &648447199762106006
MonoBehaviour:
  m_ObjectHideFlags: 1
  m_CorrespondingSourceObject: {fileID: 0}
  m_PrefabInstance: {fileID: 0}
  m_PrefabAsset: {fileID: 0}
  m_GameObject: {fileID: 0}
  m_Enabled: 1
  m_EditorHideFlags: 0
  m_Script: {fileID: 11500000, guid: 030f85c3f73729f4f976f66ffb23b875, type: 3}
  m_Name: AnimationPlayableAsset(Clone)
  m_EditorClassIdentifier: 
  m_Clip: {fileID: -203655887218126122, guid: 052e787a2ecea494ab2c3ae0528403d6, type: 3}
  m_Position: {x: 98.27, y: 10.13, z: -3677.44}
  m_EulerAngles: {x: 0, y: 0, z: 0}
  m_UseTrackMatchFields: 1
  m_MatchTargetFields: 63
  m_RemoveStartOffset: 1
  m_ApplyFootIK: 1
  m_Loop: 0
  m_Version: 1
  m_Rotation: {x: 0, y: 0, z: 0, w: 1}
--- !u!114 &1538389941662539284
MonoBehaviour:
  m_ObjectHideFlags: 1
  m_CorrespondingSourceObject: {fileID: 0}
  m_PrefabInstance: {fileID: 0}
  m_PrefabAsset: {fileID: 0}
  m_GameObject: {fileID: 0}
  m_Enabled: 1
  m_EditorHideFlags: 0
  m_Script: {fileID: 11500000, guid: 030f85c3f73729f4f976f66ffb23b875, type: 3}
  m_Name: AnimationPlayableAsset
  m_EditorClassIdentifier: 
  m_Clip: {fileID: 7400000, guid: 04f5136b90c9d1e47bb87ceebc5379fd, type: 2}
  m_Position: {x: 0, y: 0, z: 0}
  m_EulerAngles: {x: 0, y: 0, z: 0}
  m_UseTrackMatchFields: 1
  m_MatchTargetFields: 63
  m_RemoveStartOffset: 1
  m_ApplyFootIK: 1
  m_Loop: 0
  m_Version: 1
  m_Rotation: {x: 0, y: 0, z: 0, w: 1}
--- !u!114 &1809207000890023357
MonoBehaviour:
  m_ObjectHideFlags: 1
  m_CorrespondingSourceObject: {fileID: 0}
  m_PrefabInstance: {fileID: 0}
  m_PrefabAsset: {fileID: 0}
  m_GameObject: {fileID: 0}
  m_Enabled: 1
  m_EditorHideFlags: 0
  m_Script: {fileID: 11500000, guid: 030f85c3f73729f4f976f66ffb23b875, type: 3}
  m_Name: AnimationPlayableAsset(Clone)(Clone)
  m_EditorClassIdentifier: 
  m_Clip: {fileID: -203655887218126122, guid: 68ace65e9845d024cb6b67a226917d9f, type: 3}
  m_Position: {x: 98.84, y: 9.9, z: -3679.29}
  m_EulerAngles: {x: 0, y: 0, z: 0}
  m_UseTrackMatchFields: 1
  m_MatchTargetFields: 63
  m_RemoveStartOffset: 1
  m_ApplyFootIK: 1
  m_Loop: 0
  m_Version: 1
  m_Rotation: {x: 0, y: 0, z: 0, w: 1}
--- !u!114 &1949082900023066663
MonoBehaviour:
  m_ObjectHideFlags: 1
  m_CorrespondingSourceObject: {fileID: 0}
  m_PrefabInstance: {fileID: 0}
  m_PrefabAsset: {fileID: 0}
  m_GameObject: {fileID: 0}
  m_Enabled: 1
  m_EditorHideFlags: 0
  m_Script: {fileID: 11500000, guid: 030f85c3f73729f4f976f66ffb23b875, type: 3}
  m_Name: AnimationPlayableAsset
  m_EditorClassIdentifier: 
  m_Clip: {fileID: -203655887218126122, guid: 22288aa40968d57439dd0ada2befbd7c, type: 3}
  m_Position: {x: 100.81, y: 10.1, z: -3677.3}
  m_EulerAngles: {x: 0, y: 0, z: 0}
  m_UseTrackMatchFields: 1
  m_MatchTargetFields: 0
  m_RemoveStartOffset: 1
  m_ApplyFootIK: 1
  m_Loop: 0
  m_Version: 1
  m_Rotation: {x: 0, y: 0, z: 0, w: 1}
--- !u!114 &2563391870502906920
MonoBehaviour:
  m_ObjectHideFlags: 1
  m_CorrespondingSourceObject: {fileID: 0}
  m_PrefabInstance: {fileID: 0}
  m_PrefabAsset: {fileID: 0}
  m_GameObject: {fileID: 0}
  m_Enabled: 1
  m_EditorHideFlags: 0
  m_Script: {fileID: 11500000, guid: d21dcc2386d650c4597f3633c75a1f98, type: 3}
  m_Name: Animation Track (1)
  m_EditorClassIdentifier: 
  m_Version: 3
  m_AnimClip: {fileID: 0}
  m_Locked: 0
  m_Muted: 0
  m_CustomPlayableFullTypename: 
  m_Curves: {fileID: 0}
  m_Parent: {fileID: -1961296051334080522}
  m_Children: []
  m_Clips:
  - m_Version: 1
    m_Start: 0
    m_ClipIn: 0
    m_Asset: {fileID: -1612914310993890788}
    m_Duration: 1.6666666666666667
    m_TimeScale: 1
    m_ParentTrack: {fileID: 2563391870502906920}
    m_EaseInDuration: 0
    m_EaseOutDuration: 0
    m_BlendInDuration: -1
    m_BlendOutDuration: 0.5
    m_MixInCurve:
      serializedVersion: 2
      m_Curve:
      - serializedVersion: 3
        time: 0
        value: 0
        inSlope: 0
        outSlope: 0
        tangentMode: 0
        weightedMode: 0
        inWeight: 0
        outWeight: 0
      - serializedVersion: 3
        time: 1
        value: 1
        inSlope: 0
        outSlope: 0
        tangentMode: 0
        weightedMode: 0
        inWeight: 0
        outWeight: 0
      m_PreInfinity: 2
      m_PostInfinity: 2
      m_RotationOrder: 4
    m_MixOutCurve:
      serializedVersion: 2
      m_Curve:
      - serializedVersion: 3
        time: 0
        value: 1
        inSlope: 0
        outSlope: 0
        tangentMode: 0
        weightedMode: 0
        inWeight: 0
        outWeight: 0
      - serializedVersion: 3
        time: 1
        value: 0
        inSlope: 0
        outSlope: 0
        tangentMode: 0
        weightedMode: 0
        inWeight: 0
        outWeight: 0
      m_PreInfinity: 2
      m_PostInfinity: 2
      m_RotationOrder: 4
    m_BlendInCurveMode: 0
    m_BlendOutCurveMode: 0
    m_ExposedParameterNames: []
    m_AnimationCurves: {fileID: 0}
    m_Recordable: 0
    m_PostExtrapolationMode: 2
    m_PreExtrapolationMode: 1
    m_PostExtrapolationTime: 0
    m_PreExtrapolationTime: 0
    m_DisplayName: mixamo.com
  - m_Version: 1
    m_Start: 1.1666666666666667
    m_ClipIn: 0
    m_Asset: {fileID: -544906078686338043}
    m_Duration: 2.416666666666667
    m_TimeScale: 1
    m_ParentTrack: {fileID: 2563391870502906920}
    m_EaseInDuration: 0
    m_EaseOutDuration: 0
    m_BlendInDuration: 0.5
    m_BlendOutDuration: -1
    m_MixInCurve:
      serializedVersion: 2
      m_Curve:
      - serializedVersion: 3
        time: 0
        value: 0
        inSlope: 0
        outSlope: 0
        tangentMode: 0
        weightedMode: 0
        inWeight: 0
        outWeight: 0
      - serializedVersion: 3
        time: 1
        value: 1
        inSlope: 0
        outSlope: 0
        tangentMode: 0
        weightedMode: 0
        inWeight: 0
        outWeight: 0
      m_PreInfinity: 2
      m_PostInfinity: 2
      m_RotationOrder: 4
    m_MixOutCurve:
      serializedVersion: 2
      m_Curve: []
      m_PreInfinity: 2
      m_PostInfinity: 2
      m_RotationOrder: 4
    m_BlendInCurveMode: 0
    m_BlendOutCurveMode: 0
    m_ExposedParameterNames: []
    m_AnimationCurves: {fileID: 0}
    m_Recordable: 0
    m_PostExtrapolationMode: 2
    m_PreExtrapolationMode: 1
    m_PostExtrapolationTime: 0.03333333333333277
    m_PreExtrapolationTime: 0
    m_DisplayName: mixamo.com
  - m_Version: 1
    m_Start: 3.6166666666666667
    m_ClipIn: 0
    m_Asset: {fileID: -3594431568068656542}
    m_Duration: 1.6666666666666667
    m_TimeScale: 1
    m_ParentTrack: {fileID: 2563391870502906920}
    m_EaseInDuration: 0
    m_EaseOutDuration: 0
    m_BlendInDuration: -1
    m_BlendOutDuration: 0.5
    m_MixInCurve:
      serializedVersion: 2
      m_Curve: []
      m_PreInfinity: 2
      m_PostInfinity: 2
      m_RotationOrder: 4
    m_MixOutCurve:
      serializedVersion: 2
      m_Curve:
      - serializedVersion: 3
        time: 0
        value: 1
        inSlope: 0
        outSlope: 0
        tangentMode: 0
        weightedMode: 0
        inWeight: 0
        outWeight: 0
      - serializedVersion: 3
        time: 1
        value: 0
        inSlope: 0
        outSlope: 0
        tangentMode: 0
        weightedMode: 0
        inWeight: 0
        outWeight: 0
      m_PreInfinity: 2
      m_PostInfinity: 2
      m_RotationOrder: 4
    m_BlendInCurveMode: 0
    m_BlendOutCurveMode: 0
    m_ExposedParameterNames: []
    m_AnimationCurves: {fileID: 0}
    m_Recordable: 0
    m_PostExtrapolationMode: 2
    m_PreExtrapolationMode: 1
    m_PostExtrapolationTime: 0
    m_PreExtrapolationTime: 0
    m_DisplayName: mixamo.com
  - m_Version: 1
    m_Start: 4.783333333333333
    m_ClipIn: 0
    m_Asset: {fileID: 9016480690042946843}
    m_Duration: 2.416666666666667
    m_TimeScale: 1
    m_ParentTrack: {fileID: 2563391870502906920}
    m_EaseInDuration: 0
    m_EaseOutDuration: 0
    m_BlendInDuration: 0.5
    m_BlendOutDuration: 0.08333333333333393
    m_MixInCurve:
      serializedVersion: 2
      m_Curve:
      - serializedVersion: 3
        time: 0
        value: 0
        inSlope: 0
        outSlope: 0
        tangentMode: 0
        weightedMode: 0
        inWeight: 0
        outWeight: 0
      - serializedVersion: 3
        time: 1
        value: 1
        inSlope: 0
        outSlope: 0
        tangentMode: 0
        weightedMode: 0
        inWeight: 0
        outWeight: 0
      m_PreInfinity: 2
      m_PostInfinity: 2
      m_RotationOrder: 4
    m_MixOutCurve:
      serializedVersion: 2
      m_Curve:
      - serializedVersion: 3
        time: 0
        value: 1
        inSlope: 0
        outSlope: 0
        tangentMode: 0
        weightedMode: 0
        inWeight: 0
        outWeight: 0
      - serializedVersion: 3
        time: 1
        value: 0
        inSlope: 0
        outSlope: 0
        tangentMode: 0
        weightedMode: 0
        inWeight: 0
        outWeight: 0
      m_PreInfinity: 2
      m_PostInfinity: 2
      m_RotationOrder: 4
    m_BlendInCurveMode: 0
    m_BlendOutCurveMode: 0
    m_ExposedParameterNames: []
    m_AnimationCurves: {fileID: 0}
    m_Recordable: 0
    m_PostExtrapolationMode: 2
    m_PreExtrapolationMode: 1
    m_PostExtrapolationTime: 0
    m_PreExtrapolationTime: 0
    m_DisplayName: mixamo.com
  - m_Version: 1
    m_Start: 10.733333333333336
    m_ClipIn: 0
    m_Asset: {fileID: -1872087985629877829}
    m_Duration: 1.6666666666666667
    m_TimeScale: 1
    m_ParentTrack: {fileID: 2563391870502906920}
    m_EaseInDuration: 0
    m_EaseOutDuration: 0
    m_BlendInDuration: -1
    m_BlendOutDuration: 0.5000000000000036
    m_MixInCurve:
      serializedVersion: 2
      m_Curve: []
      m_PreInfinity: 2
      m_PostInfinity: 2
      m_RotationOrder: 4
    m_MixOutCurve:
      serializedVersion: 2
      m_Curve:
      - serializedVersion: 3
        time: 0
        value: 1
        inSlope: 0
        outSlope: 0
        tangentMode: 0
        weightedMode: 0
        inWeight: 0
        outWeight: 0
      - serializedVersion: 3
        time: 1
        value: 0
        inSlope: 0
        outSlope: 0
        tangentMode: 0
        weightedMode: 0
        inWeight: 0
        outWeight: 0
      m_PreInfinity: 2
      m_PostInfinity: 2
      m_RotationOrder: 4
    m_BlendInCurveMode: 0
    m_BlendOutCurveMode: 0
    m_ExposedParameterNames: []
    m_AnimationCurves: {fileID: 0}
    m_Recordable: 0
    m_PostExtrapolationMode: 2
    m_PreExtrapolationMode: 1
    m_PostExtrapolationTime: 0
    m_PreExtrapolationTime: 0
    m_DisplayName: mixamo.com
  - m_Version: 1
    m_Start: 11.899999999999999
    m_ClipIn: 0
    m_Asset: {fileID: 1809207000890023357}
    m_Duration: 2.416666666666667
    m_TimeScale: 1
    m_ParentTrack: {fileID: 2563391870502906920}
    m_EaseInDuration: 0
    m_EaseOutDuration: 0
    m_BlendInDuration: 0.5000000000000036
    m_BlendOutDuration: -1
    m_MixInCurve:
      serializedVersion: 2
      m_Curve:
      - serializedVersion: 3
        time: 0
        value: 0
        inSlope: 0
        outSlope: 0
        tangentMode: 0
        weightedMode: 0
        inWeight: 0
        outWeight: 0
      - serializedVersion: 3
        time: 1
        value: 1
        inSlope: 0
        outSlope: 0
        tangentMode: 0
        weightedMode: 0
        inWeight: 0
        outWeight: 0
      m_PreInfinity: 2
      m_PostInfinity: 2
      m_RotationOrder: 4
    m_MixOutCurve:
      serializedVersion: 2
      m_Curve:
      - serializedVersion: 3
        time: 0
        value: 1
        inSlope: 0
        outSlope: 0
        tangentMode: 0
        weightedMode: 0
        inWeight: 0
        outWeight: 0
      - serializedVersion: 3
        time: 1
        value: 0
        inSlope: 0
        outSlope: 0
        tangentMode: 0
        weightedMode: 0
        inWeight: 0
        outWeight: 0
      m_PreInfinity: 2
      m_PostInfinity: 2
      m_RotationOrder: 4
    m_BlendInCurveMode: 0
    m_BlendOutCurveMode: 0
    m_ExposedParameterNames: []
    m_AnimationCurves: {fileID: 0}
    m_Recordable: 0
    m_PostExtrapolationMode: 2
    m_PreExtrapolationMode: 1
    m_PostExtrapolationTime: 0
    m_PreExtrapolationTime: 0
    m_DisplayName: mixamo.com
  - m_Version: 1
    m_Start: 7.116666666666666
    m_ClipIn: 0
    m_Asset: {fileID: -7766575185339329462}
    m_Duration: 1.6666666666666667
    m_TimeScale: 1
    m_ParentTrack: {fileID: 2563391870502906920}
    m_EaseInDuration: 0
    m_EaseOutDuration: 0
    m_BlendInDuration: 0.08333333333333393
    m_BlendOutDuration: 0.4999999999999982
    m_MixInCurve:
      serializedVersion: 2
      m_Curve:
      - serializedVersion: 3
        time: 0
        value: 0
        inSlope: 0
        outSlope: 0
        tangentMode: 0
        weightedMode: 0
        inWeight: 0
        outWeight: 0
      - serializedVersion: 3
        time: 1
        value: 1
        inSlope: 0
        outSlope: 0
        tangentMode: 0
        weightedMode: 0
        inWeight: 0
        outWeight: 0
      m_PreInfinity: 2
      m_PostInfinity: 2
      m_RotationOrder: 4
    m_MixOutCurve:
      serializedVersion: 2
      m_Curve:
      - serializedVersion: 3
        time: 0
        value: 1
        inSlope: 0
        outSlope: 0
        tangentMode: 0
        weightedMode: 0
        inWeight: 0
        outWeight: 0
      - serializedVersion: 3
        time: 1
        value: 0
        inSlope: 0
        outSlope: 0
        tangentMode: 0
        weightedMode: 0
        inWeight: 0
        outWeight: 0
      m_PreInfinity: 2
      m_PostInfinity: 2
      m_RotationOrder: 4
    m_BlendInCurveMode: 0
    m_BlendOutCurveMode: 0
    m_ExposedParameterNames: []
    m_AnimationCurves: {fileID: 0}
    m_Recordable: 0
    m_PostExtrapolationMode: 2
    m_PreExtrapolationMode: 1
    m_PostExtrapolationTime: 0
    m_PreExtrapolationTime: 0
    m_DisplayName: mixamo.com
  - m_Version: 1
    m_Start: 8.283333333333335
    m_ClipIn: 0
    m_Asset: {fileID: -6794026139460914959}
    m_Duration: 2.416666666666667
    m_TimeScale: 1
    m_ParentTrack: {fileID: 2563391870502906920}
    m_EaseInDuration: 0
    m_EaseOutDuration: 0
    m_BlendInDuration: 0.4999999999999982
    m_BlendOutDuration: -1
    m_MixInCurve:
      serializedVersion: 2
      m_Curve:
      - serializedVersion: 3
        time: 0
        value: 0
        inSlope: 0
        outSlope: 0
        tangentMode: 0
        weightedMode: 0
        inWeight: 0
        outWeight: 0
      - serializedVersion: 3
        time: 1
        value: 1
        inSlope: 0
        outSlope: 0
        tangentMode: 0
        weightedMode: 0
        inWeight: 0
        outWeight: 0
      m_PreInfinity: 2
      m_PostInfinity: 2
      m_RotationOrder: 4
    m_MixOutCurve:
      serializedVersion: 2
      m_Curve: []
      m_PreInfinity: 2
      m_PostInfinity: 2
      m_RotationOrder: 4
    m_BlendInCurveMode: 0
    m_BlendOutCurveMode: 0
    m_ExposedParameterNames: []
    m_AnimationCurves: {fileID: 0}
    m_Recordable: 0
    m_PostExtrapolationMode: 2
    m_PreExtrapolationMode: 1
    m_PostExtrapolationTime: 0.033333333333333215
    m_PreExtrapolationTime: 0
    m_DisplayName: mixamo.com
  - m_Version: 1
    m_Start: 14.316666666666666
    m_ClipIn: 0
    m_Asset: {fileID: -7006869618091005762}
    m_Duration: 1.6666666666666667
    m_TimeScale: 1
    m_ParentTrack: {fileID: 2563391870502906920}
    m_EaseInDuration: 0
    m_EaseOutDuration: 0
    m_BlendInDuration: -1
    m_BlendOutDuration: 0.5000000000000036
    m_MixInCurve:
      serializedVersion: 2
      m_Curve: []
      m_PreInfinity: 2
      m_PostInfinity: 2
      m_RotationOrder: 4
    m_MixOutCurve:
      serializedVersion: 2
      m_Curve:
      - serializedVersion: 3
        time: 0
        value: 1
        inSlope: 0
        outSlope: 0
        tangentMode: 0
        weightedMode: 0
        inWeight: 0
        outWeight: 0
      - serializedVersion: 3
        time: 1
        value: 0
        inSlope: 0
        outSlope: 0
        tangentMode: 0
        weightedMode: 0
        inWeight: 0
        outWeight: 0
      m_PreInfinity: 2
      m_PostInfinity: 2
      m_RotationOrder: 4
    m_BlendInCurveMode: 0
    m_BlendOutCurveMode: 0
    m_ExposedParameterNames: []
    m_AnimationCurves: {fileID: 0}
    m_Recordable: 0
    m_PostExtrapolationMode: 2
    m_PreExtrapolationMode: 1
    m_PostExtrapolationTime: 0
    m_PreExtrapolationTime: 0
    m_DisplayName: mixamo.com
  - m_Version: 1
    m_Start: 15.483333333333329
    m_ClipIn: 0
    m_Asset: {fileID: 339698809153575576}
    m_Duration: 2.416666666666667
    m_TimeScale: 1
    m_ParentTrack: {fileID: 2563391870502906920}
    m_EaseInDuration: 0
    m_EaseOutDuration: 0
    m_BlendInDuration: 0.5000000000000036
    m_BlendOutDuration: -1
    m_MixInCurve:
      serializedVersion: 2
      m_Curve:
      - serializedVersion: 3
        time: 0
        value: 0
        inSlope: 0
        outSlope: 0
        tangentMode: 0
        weightedMode: 0
        inWeight: 0
        outWeight: 0
      - serializedVersion: 3
        time: 1
        value: 1
        inSlope: 0
        outSlope: 0
        tangentMode: 0
        weightedMode: 0
        inWeight: 0
        outWeight: 0
      m_PreInfinity: 2
      m_PostInfinity: 2
      m_RotationOrder: 4
    m_MixOutCurve:
      serializedVersion: 2
      m_Curve:
      - serializedVersion: 3
        time: 0
        value: 1
        inSlope: 0
        outSlope: 0
        tangentMode: 0
        weightedMode: 0
        inWeight: 0
        outWeight: 0
      - serializedVersion: 3
        time: 1
        value: 0
        inSlope: 0
        outSlope: 0
        tangentMode: 0
        weightedMode: 0
        inWeight: 0
        outWeight: 0
      m_PreInfinity: 2
      m_PostInfinity: 2
      m_RotationOrder: 4
    m_BlendInCurveMode: 0
    m_BlendOutCurveMode: 0
    m_ExposedParameterNames: []
    m_AnimationCurves: {fileID: 0}
    m_Recordable: 0
    m_PostExtrapolationMode: 2
    m_PreExtrapolationMode: 1
    m_PostExtrapolationTime: Infinity
    m_PreExtrapolationTime: 0
    m_DisplayName: mixamo.com
  m_Markers:
    m_Objects: []
  m_InfiniteClipPreExtrapolation: 0
  m_InfiniteClipPostExtrapolation: 0
  m_InfiniteClipOffsetPosition: {x: 0, y: 0, z: 0}
  m_InfiniteClipOffsetEulerAngles: {x: 0, y: 0, z: 0}
  m_InfiniteClipTimeOffset: 0
  m_InfiniteClipRemoveOffset: 0
  m_InfiniteClipApplyFootIK: 1
  mInfiniteClipLoop: 0
  m_MatchTargetFields: 63
  m_Position: {x: 0, y: 0, z: 0}
  m_EulerAngles: {x: 0, y: 0, z: 0}
  m_AvatarMask: {fileID: 0}
  m_ApplyAvatarMask: 1
  m_TrackOffset: 0
  m_InfiniteClip: {fileID: 0}
  m_OpenClipOffsetRotation: {x: 0, y: 0, z: 0, w: 1}
  m_Rotation: {x: 0, y: 0, z: 0, w: 1}
  m_ApplyOffsets: 0
--- !u!114 &2892477024291113995
MonoBehaviour:
  m_ObjectHideFlags: 1
  m_CorrespondingSourceObject: {fileID: 0}
  m_PrefabInstance: {fileID: 0}
  m_PrefabAsset: {fileID: 0}
  m_GameObject: {fileID: 0}
  m_Enabled: 1
  m_EditorHideFlags: 0
  m_Script: {fileID: 11500000, guid: d21dcc2386d650c4597f3633c75a1f98, type: 3}
  m_Name: Animation Track (2)
  m_EditorClassIdentifier: 
  m_Version: 3
  m_AnimClip: {fileID: 0}
  m_Locked: 0
  m_Muted: 0
  m_CustomPlayableFullTypename: 
  m_Curves: {fileID: 0}
  m_Parent: {fileID: -1961296051334080522}
  m_Children: []
  m_Clips:
  - m_Version: 1
    m_Start: 0
    m_ClipIn: 0.9833333333333333
    m_Asset: {fileID: 1949082900023066663}
    m_Duration: 5.65
    m_TimeScale: 1
    m_ParentTrack: {fileID: 2892477024291113995}
    m_EaseInDuration: 0
    m_EaseOutDuration: 0
    m_BlendInDuration: -1
    m_BlendOutDuration: 0.16666666666666696
    m_MixInCurve:
      serializedVersion: 2
      m_Curve:
      - serializedVersion: 3
        time: 0
        value: 0
        inSlope: 0
        outSlope: 0
        tangentMode: 0
        weightedMode: 0
        inWeight: 0
        outWeight: 0
      - serializedVersion: 3
        time: 1
        value: 1
        inSlope: 0
        outSlope: 0
        tangentMode: 0
        weightedMode: 0
        inWeight: 0
        outWeight: 0
      m_PreInfinity: 2
      m_PostInfinity: 2
      m_RotationOrder: 4
    m_MixOutCurve:
      serializedVersion: 2
      m_Curve:
      - serializedVersion: 3
        time: 0
        value: 1
        inSlope: 0
        outSlope: 0
        tangentMode: 0
        weightedMode: 0
        inWeight: 0
        outWeight: 0
      - serializedVersion: 3
        time: 1
        value: 0
        inSlope: 0
        outSlope: 0
        tangentMode: 0
        weightedMode: 0
        inWeight: 0
        outWeight: 0
      m_PreInfinity: 2
      m_PostInfinity: 2
      m_RotationOrder: 4
    m_BlendInCurveMode: 0
    m_BlendOutCurveMode: 0
    m_ExposedParameterNames: []
    m_AnimationCurves: {fileID: 0}
    m_Recordable: 0
    m_PostExtrapolationMode: 2
    m_PreExtrapolationMode: 1
    m_PostExtrapolationTime: 0
    m_PreExtrapolationTime: 0
    m_DisplayName: mixamo.com
  - m_Version: 1
    m_Start: 5.483333333333333
    m_ClipIn: 0.9833333333333333
    m_Asset: {fileID: 3389124429766167530}
    m_Duration: 5.65
    m_TimeScale: 1
    m_ParentTrack: {fileID: 2892477024291113995}
    m_EaseInDuration: 0
    m_EaseOutDuration: 0
    m_BlendInDuration: 0.16666666666666696
    m_BlendOutDuration: 0.21666666666666679
    m_MixInCurve:
      serializedVersion: 2
      m_Curve:
      - serializedVersion: 3
        time: 0
        value: 0
        inSlope: 0
        outSlope: 0
        tangentMode: 0
        weightedMode: 0
        inWeight: 0
        outWeight: 0
      - serializedVersion: 3
        time: 1
        value: 1
        inSlope: 0
        outSlope: 0
        tangentMode: 0
        weightedMode: 0
        inWeight: 0
        outWeight: 0
      m_PreInfinity: 2
      m_PostInfinity: 2
      m_RotationOrder: 4
    m_MixOutCurve:
      serializedVersion: 2
      m_Curve:
      - serializedVersion: 3
        time: 0
        value: 1
        inSlope: 0
        outSlope: 0
        tangentMode: 0
        weightedMode: 0
        inWeight: 0
        outWeight: 0
      - serializedVersion: 3
        time: 1
        value: 0
        inSlope: 0
        outSlope: 0
        tangentMode: 0
        weightedMode: 0
        inWeight: 0
        outWeight: 0
      m_PreInfinity: 2
      m_PostInfinity: 2
      m_RotationOrder: 4
    m_BlendInCurveMode: 0
    m_BlendOutCurveMode: 0
    m_ExposedParameterNames: []
    m_AnimationCurves: {fileID: 0}
    m_Recordable: 0
    m_PostExtrapolationMode: 2
    m_PreExtrapolationMode: 1
    m_PostExtrapolationTime: 0
    m_PreExtrapolationTime: 0
    m_DisplayName: mixamo.com
  - m_Version: 1
    m_Start: 10.916666666666666
    m_ClipIn: 0.9833333333333333
    m_Asset: {fileID: -754277411018475955}
    m_Duration: 5.65
    m_TimeScale: 1
    m_ParentTrack: {fileID: 2892477024291113995}
    m_EaseInDuration: 0
    m_EaseOutDuration: 0
    m_BlendInDuration: 0.21666666666666679
    m_BlendOutDuration: -1
    m_MixInCurve:
      serializedVersion: 2
      m_Curve:
      - serializedVersion: 3
        time: 0
        value: 0
        inSlope: 0
        outSlope: 0
        tangentMode: 0
        weightedMode: 0
        inWeight: 0
        outWeight: 0
      - serializedVersion: 3
        time: 1
        value: 1
        inSlope: 0
        outSlope: 0
        tangentMode: 0
        weightedMode: 0
        inWeight: 0
        outWeight: 0
      m_PreInfinity: 2
      m_PostInfinity: 2
      m_RotationOrder: 4
    m_MixOutCurve:
      serializedVersion: 2
      m_Curve:
      - serializedVersion: 3
        time: 0
        value: 1
        inSlope: 0
        outSlope: 0
        tangentMode: 0
        weightedMode: 0
        inWeight: 0
        outWeight: 0
      - serializedVersion: 3
        time: 1
        value: 0
        inSlope: 0
        outSlope: 0
        tangentMode: 0
        weightedMode: 0
        inWeight: 0
        outWeight: 0
      m_PreInfinity: 2
      m_PostInfinity: 2
      m_RotationOrder: 4
    m_BlendInCurveMode: 0
    m_BlendOutCurveMode: 0
    m_ExposedParameterNames: []
    m_AnimationCurves: {fileID: 0}
    m_Recordable: 0
    m_PostExtrapolationMode: 2
    m_PreExtrapolationMode: 1
    m_PostExtrapolationTime: Infinity
    m_PreExtrapolationTime: 0
    m_DisplayName: mixamo.com
  m_Markers:
    m_Objects: []
  m_InfiniteClipPreExtrapolation: 0
  m_InfiniteClipPostExtrapolation: 0
  m_InfiniteClipOffsetPosition: {x: 0, y: 0, z: 0}
  m_InfiniteClipOffsetEulerAngles: {x: 0, y: 0, z: 0}
  m_InfiniteClipTimeOffset: 0
  m_InfiniteClipRemoveOffset: 0
  m_InfiniteClipApplyFootIK: 1
  mInfiniteClipLoop: 0
  m_MatchTargetFields: 63
  m_Position: {x: 0, y: 0, z: 0}
  m_EulerAngles: {x: 0, y: 0, z: 0}
  m_AvatarMask: {fileID: 0}
  m_ApplyAvatarMask: 1
  m_TrackOffset: 0
  m_InfiniteClip: {fileID: 0}
  m_OpenClipOffsetRotation: {x: 0, y: 0, z: 0, w: 1}
  m_Rotation: {x: 0, y: 0, z: 0, w: 1}
  m_ApplyOffsets: 0
--- !u!114 &3389124429766167530
MonoBehaviour:
  m_ObjectHideFlags: 1
  m_CorrespondingSourceObject: {fileID: 0}
  m_PrefabInstance: {fileID: 0}
  m_PrefabAsset: {fileID: 0}
  m_GameObject: {fileID: 0}
  m_Enabled: 1
  m_EditorHideFlags: 0
  m_Script: {fileID: 11500000, guid: 030f85c3f73729f4f976f66ffb23b875, type: 3}
  m_Name: AnimationPlayableAsset(Clone)
  m_EditorClassIdentifier: 
  m_Clip: {fileID: -203655887218126122, guid: 22288aa40968d57439dd0ada2befbd7c, type: 3}
  m_Position: {x: 100.81, y: 10.1, z: -3677.3}
  m_EulerAngles: {x: 0, y: 0, z: 0}
  m_UseTrackMatchFields: 1
  m_MatchTargetFields: 0
  m_RemoveStartOffset: 1
  m_ApplyFootIK: 1
  m_Loop: 0
  m_Version: 1
  m_Rotation: {x: 0, y: 0, z: 0, w: 1}
--- !u!114 &3613300030348533475
MonoBehaviour:
  m_ObjectHideFlags: 1
  m_CorrespondingSourceObject: {fileID: 0}
  m_PrefabInstance: {fileID: 0}
  m_PrefabAsset: {fileID: 0}
  m_GameObject: {fileID: 0}
  m_Enabled: 1
  m_EditorHideFlags: 0
  m_Script: {fileID: 11500000, guid: 030f85c3f73729f4f976f66ffb23b875, type: 3}
  m_Name: AnimationPlayableAsset(Clone)
  m_EditorClassIdentifier: 
  m_Clip: {fileID: -203655887218126122, guid: 722891441dd5ae64daf46646f0814636, type: 3}
  m_Position: {x: 259, y: 754.64, z: 1098.6937}
  m_EulerAngles: {x: 0, y: 180, z: 0}
  m_UseTrackMatchFields: 1
  m_MatchTargetFields: 63
  m_RemoveStartOffset: 1
  m_ApplyFootIK: 1
  m_Loop: 0
  m_Version: 1
  m_Rotation: {x: 0, y: 0, z: 0, w: 1}
--- !u!114 &5341918267451197195
MonoBehaviour:
  m_ObjectHideFlags: 1
  m_CorrespondingSourceObject: {fileID: 0}
  m_PrefabInstance: {fileID: 0}
  m_PrefabAsset: {fileID: 0}
  m_GameObject: {fileID: 0}
  m_Enabled: 1
  m_EditorHideFlags: 0
  m_Script: {fileID: 11500000, guid: fde0d25a170598d46a0b9dc16b4527a5, type: 3}
  m_Name: ActivationPlayableAsset
  m_EditorClassIdentifier: 
--- !u!114 &5729970058753253583
MonoBehaviour:
  m_ObjectHideFlags: 1
  m_CorrespondingSourceObject: {fileID: 0}
  m_PrefabInstance: {fileID: 0}
  m_PrefabAsset: {fileID: 0}
  m_GameObject: {fileID: 0}
  m_Enabled: 1
  m_EditorHideFlags: 0
  m_Script: {fileID: 11500000, guid: 030f85c3f73729f4f976f66ffb23b875, type: 3}
  m_Name: AnimationPlayableAsset(Clone)(Clone)
  m_EditorClassIdentifier: 
  m_Clip: {fileID: -203655887218126122, guid: 052e787a2ecea494ab2c3ae0528403d6, type: 3}
  m_Position: {x: 98.27, y: 10.13, z: -3677.44}
  m_EulerAngles: {x: 0, y: 0, z: 0}
  m_UseTrackMatchFields: 1
  m_MatchTargetFields: 63
  m_RemoveStartOffset: 1
  m_ApplyFootIK: 1
  m_Loop: 0
  m_Version: 1
  m_Rotation: {x: 0, y: 0, z: 0, w: 1}
--- !u!114 &8696284327845546047
MonoBehaviour:
  m_ObjectHideFlags: 1
  m_CorrespondingSourceObject: {fileID: 0}
  m_PrefabInstance: {fileID: 0}
  m_PrefabAsset: {fileID: 0}
  m_GameObject: {fileID: 0}
  m_Enabled: 1
  m_EditorHideFlags: 0
  m_Script: {fileID: 11500000, guid: 030f85c3f73729f4f976f66ffb23b875, type: 3}
  m_Name: AnimationPlayableAsset(Clone)(Clone)
  m_EditorClassIdentifier: 
  m_Clip: {fileID: -203655887218126122, guid: 722891441dd5ae64daf46646f0814636, type: 3}
  m_Position: {x: 259, y: 754.64, z: 1098.6937}
  m_EulerAngles: {x: 0, y: 180, z: 0}
  m_UseTrackMatchFields: 1
  m_MatchTargetFields: 63
  m_RemoveStartOffset: 1
  m_ApplyFootIK: 1
  m_Loop: 0
  m_Version: 1
  m_Rotation: {x: 0, y: 0, z: 0, w: 1}
--- !u!114 &8738851931891981199
MonoBehaviour:
  m_ObjectHideFlags: 1
  m_CorrespondingSourceObject: {fileID: 0}
  m_PrefabInstance: {fileID: 0}
  m_PrefabAsset: {fileID: 0}
  m_GameObject: {fileID: 0}
  m_Enabled: 1
  m_EditorHideFlags: 0
  m_Script: {fileID: 11500000, guid: 030f85c3f73729f4f976f66ffb23b875, type: 3}
  m_Name: AnimationPlayableAsset(Clone)
  m_EditorClassIdentifier: 
  m_Clip: {fileID: -203655887218126122, guid: 052e787a2ecea494ab2c3ae0528403d6, type: 3}
  m_Position: {x: 98.27, y: 10.13, z: -3677.44}
  m_EulerAngles: {x: 0, y: 0, z: 0}
  m_UseTrackMatchFields: 1
  m_MatchTargetFields: 63
  m_RemoveStartOffset: 1
  m_ApplyFootIK: 1
  m_Loop: 0
  m_Version: 1
  m_Rotation: {x: 0, y: 0, z: 0, w: 1}
--- !u!114 &9016480690042946843
MonoBehaviour:
  m_ObjectHideFlags: 1
  m_CorrespondingSourceObject: {fileID: 0}
  m_PrefabInstance: {fileID: 0}
  m_PrefabAsset: {fileID: 0}
  m_GameObject: {fileID: 0}
  m_Enabled: 1
  m_EditorHideFlags: 0
  m_Script: {fileID: 11500000, guid: 030f85c3f73729f4f976f66ffb23b875, type: 3}
  m_Name: AnimationPlayableAsset(Clone)
  m_EditorClassIdentifier: 
  m_Clip: {fileID: -203655887218126122, guid: 68ace65e9845d024cb6b67a226917d9f, type: 3}
  m_Position: {x: 98.84, y: 9.9, z: -3679.29}
  m_EulerAngles: {x: 0, y: 0, z: 0}
  m_UseTrackMatchFields: 1
  m_MatchTargetFields: 63
  m_RemoveStartOffset: 1
  m_ApplyFootIK: 1
  m_Loop: 0
  m_Version: 1
  m_Rotation: {x: 0, y: 0, z: 0, w: 1}
