%YAML 1.1
%TAG !u! tag:unity3d.com,2011:
--- !u!1 &8979141262318515970
GameObject:
  m_ObjectHideFlags: 0
  m_CorrespondingSourceObject: {fileID: 0}
  m_PrefabInstance: {fileID: 0}
  m_PrefabAsset: {fileID: 0}
  serializedVersion: 6
  m_Component:
  - component: {fileID: 8979141262318515981}
  m_Layer: 0
  m_Name: Screen Platform
  m_TagString: Untagged
  m_Icon: {fileID: 0}
  m_NavMeshLayer: 0
  m_StaticEditorFlags: 0
  m_IsActive: 1
--- !u!4 &8979141262318515981
Transform:
  m_ObjectHideFlags: 0
  m_CorrespondingSourceObject: {fileID: 0}
  m_PrefabInstance: {fileID: 0}
  m_PrefabAsset: {fileID: 0}
  m_GameObject: {fileID: 8979141262318515970}
  m_LocalRotation: {x: -0, y: -0.0071131373, z: -0, w: 0.9999747}
  m_LocalPosition: {x: 800.0029, y: 36.200005, z: -474.11932}
  m_LocalScale: {x: 1, y: 1, z: 1}
  m_Children:
  - {fileID: 8974925796206251802}
  - {fileID: 8975070858881973833}
  - {fileID: 8974925795825071284}
  - {fileID: 8976438070997638642}
  - {fileID: 8976438071340601106}
  - {fileID: 8979141262605685781}
  - {fileID: 8979141263821201784}
  - {fileID: 8979141264120144752}
  - {fileID: 8979141262898448262}
  - {fileID: 8979141263462690351}
  - {fileID: 8979141263441322926}
  m_Father: {fileID: 0}
  m_RootOrder: 0
  m_LocalEulerAnglesHint: {x: 0, y: -0.815, z: 0}
--- !u!1 &8979141262605685770
GameObject:
  m_ObjectHideFlags: 0
  m_CorrespondingSourceObject: {fileID: 0}
  m_PrefabInstance: {fileID: 0}
  m_PrefabAsset: {fileID: 0}
  serializedVersion: 6
  m_Component:
  - component: {fileID: 8979141262605685781}
  - component: {fileID: 8979141262605685782}
  - component: {fileID: 8979141262605685783}
  - component: {fileID: 8979141262605685780}
  m_Layer: 0
  m_Name: SupportPillar1
  m_TagString: Untagged
  m_Icon: {fileID: 0}
  m_NavMeshLayer: 0
  m_StaticEditorFlags: 0
  m_IsActive: 1
--- !u!4 &8979141262605685781
Transform:
  m_ObjectHideFlags: 0
  m_CorrespondingSourceObject: {fileID: 0}
  m_PrefabInstance: {fileID: 0}
  m_PrefabAsset: {fileID: 0}
  m_GameObject: {fileID: 8979141262605685770}
  m_LocalRotation: {x: 0, y: 0, z: 0, w: 1}
  m_LocalPosition: {x: 8.2, y: 89.5, z: -44.6}
  m_LocalScale: {x: 4, y: 30, z: 4}
  m_Children: []
  m_Father: {fileID: 8979141262318515981}
  m_RootOrder: 5
  m_LocalEulerAnglesHint: {x: 0, y: 0, z: 0}
--- !u!33 &8979141262605685782
MeshFilter:
  m_ObjectHideFlags: 0
  m_CorrespondingSourceObject: {fileID: 0}
  m_PrefabInstance: {fileID: 0}
  m_PrefabAsset: {fileID: 0}
  m_GameObject: {fileID: 8979141262605685770}
  m_Mesh: {fileID: 10206, guid: 0000000000000000e000000000000000, type: 0}
--- !u!23 &8979141262605685783
MeshRenderer:
  m_ObjectHideFlags: 0
  m_CorrespondingSourceObject: {fileID: 0}
  m_PrefabInstance: {fileID: 0}
  m_PrefabAsset: {fileID: 0}
  m_GameObject: {fileID: 8979141262605685770}
  m_Enabled: 1
  m_CastShadows: 1
  m_ReceiveShadows: 1
  m_DynamicOccludee: 1
  m_MotionVectors: 1
  m_LightProbeUsage: 1
  m_ReflectionProbeUsage: 1
  m_RayTracingMode: 2
  m_RayTraceProcedural: 0
  m_RenderingLayerMask: 1
  m_RendererPriority: 0
  m_Materials:
  - {fileID: 2100000, guid: c52059b96ac7ddc438a039673d11f56d, type: 2}
  m_StaticBatchInfo:
    firstSubMesh: 0
    subMeshCount: 0
  m_StaticBatchRoot: {fileID: 0}
  m_ProbeAnchor: {fileID: 0}
  m_LightProbeVolumeOverride: {fileID: 0}
  m_ScaleInLightmap: 1
  m_ReceiveGI: 1
  m_PreserveUVs: 0
  m_IgnoreNormalsForChartDetection: 0
  m_ImportantGI: 0
  m_StitchLightmapSeams: 1
  m_SelectedEditorRenderState: 3
  m_MinimumChartSize: 4
  m_AutoUVMaxDistance: 0.5
  m_AutoUVMaxAngle: 89
  m_LightmapParameters: {fileID: 0}
  m_SortingLayerID: 0
  m_SortingLayer: 0
  m_SortingOrder: 0
  m_AdditionalVertexStreams: {fileID: 0}
--- !u!136 &8979141262605685780
CapsuleCollider:
  m_ObjectHideFlags: 0
  m_CorrespondingSourceObject: {fileID: 0}
  m_PrefabInstance: {fileID: 0}
  m_PrefabAsset: {fileID: 0}
  m_GameObject: {fileID: 8979141262605685770}
  m_Material: {fileID: 0}
  m_IsTrigger: 0
  m_Enabled: 1
  m_Radius: 0.5000001
  m_Height: 2
  m_Direction: 1
  m_Center: {x: 0.000000059604645, y: 0, z: -0.00000008940697}
--- !u!1 &8979141262898448263
GameObject:
  m_ObjectHideFlags: 0
  m_CorrespondingSourceObject: {fileID: 0}
  m_PrefabInstance: {fileID: 0}
  m_PrefabAsset: {fileID: 0}
  serializedVersion: 6
  m_Component:
  - component: {fileID: 8979141262898448262}
  - component: {fileID: 8979141262898448259}
  - component: {fileID: 8979141262898448256}
  - component: {fileID: 8979141262898448257}
  m_Layer: 0
  m_Name: Rope1 (1)
  m_TagString: Untagged
  m_Icon: {fileID: 0}
  m_NavMeshLayer: 0
  m_StaticEditorFlags: 0
  m_IsActive: 1
--- !u!4 &8979141262898448262
Transform:
  m_ObjectHideFlags: 0
  m_CorrespondingSourceObject: {fileID: 0}
  m_PrefabInstance: {fileID: 0}
  m_PrefabAsset: {fileID: 0}
  m_GameObject: {fileID: 8979141262898448263}
  m_LocalRotation: {x: -0.85450983, y: -0.108532965, z: 0.25738597, w: 0.43793392}
  m_LocalPosition: {x: -12.47, y: 35.26, z: -23.51}
  m_LocalScale: {x: 1, y: 25, z: 1}
  m_Children: []
  m_Father: {fileID: 8979141262318515981}
  m_RootOrder: 8
  m_LocalEulerAnglesHint: {x: -43.834, y: -132.134, z: 145.274}
--- !u!33 &8979141262898448259
MeshFilter:
  m_ObjectHideFlags: 0
  m_CorrespondingSourceObject: {fileID: 0}
  m_PrefabInstance: {fileID: 0}
  m_PrefabAsset: {fileID: 0}
  m_GameObject: {fileID: 8979141262898448263}
  m_Mesh: {fileID: 10206, guid: 0000000000000000e000000000000000, type: 0}
--- !u!23 &8979141262898448256
MeshRenderer:
  m_ObjectHideFlags: 0
  m_CorrespondingSourceObject: {fileID: 0}
  m_PrefabInstance: {fileID: 0}
  m_PrefabAsset: {fileID: 0}
  m_GameObject: {fileID: 8979141262898448263}
  m_Enabled: 1
  m_CastShadows: 1
  m_ReceiveShadows: 1
  m_DynamicOccludee: 1
  m_MotionVectors: 1
  m_LightProbeUsage: 1
  m_ReflectionProbeUsage: 1
  m_RayTracingMode: 2
  m_RayTraceProcedural: 0
  m_RenderingLayerMask: 1
  m_RendererPriority: 0
  m_Materials:
  - {fileID: 2100000, guid: affe8420ea98e6140b81dcb49af842a6, type: 2}
  m_StaticBatchInfo:
    firstSubMesh: 0
    subMeshCount: 0
  m_StaticBatchRoot: {fileID: 0}
  m_ProbeAnchor: {fileID: 0}
  m_LightProbeVolumeOverride: {fileID: 0}
  m_ScaleInLightmap: 1
  m_ReceiveGI: 1
  m_PreserveUVs: 0
  m_IgnoreNormalsForChartDetection: 0
  m_ImportantGI: 0
  m_StitchLightmapSeams: 1
  m_SelectedEditorRenderState: 3
  m_MinimumChartSize: 4
  m_AutoUVMaxDistance: 0.5
  m_AutoUVMaxAngle: 89
  m_LightmapParameters: {fileID: 0}
  m_SortingLayerID: 0
  m_SortingLayer: 0
  m_SortingOrder: 0
  m_AdditionalVertexStreams: {fileID: 0}
--- !u!136 &8979141262898448257
CapsuleCollider:
  m_ObjectHideFlags: 0
  m_CorrespondingSourceObject: {fileID: 0}
  m_PrefabInstance: {fileID: 0}
  m_PrefabAsset: {fileID: 0}
  m_GameObject: {fileID: 8979141262898448263}
  m_Material: {fileID: 0}
  m_IsTrigger: 0
  m_Enabled: 1
  m_Radius: 0.5000001
  m_Height: 2
  m_Direction: 1
  m_Center: {x: 0.000000059604645, y: 0, z: -0.00000008940697}
--- !u!1 &8979141263441322927
GameObject:
  m_ObjectHideFlags: 0
  m_CorrespondingSourceObject: {fileID: 0}
  m_PrefabInstance: {fileID: 0}
  m_PrefabAsset: {fileID: 0}
  serializedVersion: 6
  m_Component:
  - component: {fileID: 8979141263441322926}
  - component: {fileID: 8979141263441322923}
  - component: {fileID: 8979141263441322920}
  - component: {fileID: 8979141263441322921}
  m_Layer: 0
  m_Name: Rope1 (3)
  m_TagString: Untagged
  m_Icon: {fileID: 0}
  m_NavMeshLayer: 0
  m_StaticEditorFlags: 0
  m_IsActive: 1
--- !u!4 &8979141263441322926
Transform:
  m_ObjectHideFlags: 0
  m_CorrespondingSourceObject: {fileID: 0}
  m_PrefabInstance: {fileID: 0}
  m_PrefabAsset: {fileID: 0}
  m_GameObject: {fileID: 8979141263441322927}
  m_LocalRotation: {x: 0.005405753, y: 0.8092337, z: 0.58347815, w: 0.06830025}
  m_LocalPosition: {x: -31.75, y: 109.68, z: 69.64}
  m_LocalScale: {x: 1, y: 25, z: 1}
  m_Children: []
  m_Father: {fileID: 8979141262318515981}
  m_RootOrder: 10
  m_LocalEulerAnglesHint: {x: -70.666, y: 159.333, z: 15.495}
--- !u!33 &8979141263441322923
MeshFilter:
  m_ObjectHideFlags: 0
  m_CorrespondingSourceObject: {fileID: 0}
  m_PrefabInstance: {fileID: 0}
  m_PrefabAsset: {fileID: 0}
  m_GameObject: {fileID: 8979141263441322927}
  m_Mesh: {fileID: 10206, guid: 0000000000000000e000000000000000, type: 0}
--- !u!23 &8979141263441322920
MeshRenderer:
  m_ObjectHideFlags: 0
  m_CorrespondingSourceObject: {fileID: 0}
  m_PrefabInstance: {fileID: 0}
  m_PrefabAsset: {fileID: 0}
  m_GameObject: {fileID: 8979141263441322927}
  m_Enabled: 1
  m_CastShadows: 1
  m_ReceiveShadows: 1
  m_DynamicOccludee: 1
  m_MotionVectors: 1
  m_LightProbeUsage: 1
  m_ReflectionProbeUsage: 1
  m_RayTracingMode: 2
  m_RayTraceProcedural: 0
  m_RenderingLayerMask: 1
  m_RendererPriority: 0
  m_Materials:
  - {fileID: 2100000, guid: affe8420ea98e6140b81dcb49af842a6, type: 2}
  m_StaticBatchInfo:
    firstSubMesh: 0
    subMeshCount: 0
  m_StaticBatchRoot: {fileID: 0}
  m_ProbeAnchor: {fileID: 0}
  m_LightProbeVolumeOverride: {fileID: 0}
  m_ScaleInLightmap: 1
  m_ReceiveGI: 1
  m_PreserveUVs: 0
  m_IgnoreNormalsForChartDetection: 0
  m_ImportantGI: 0
  m_StitchLightmapSeams: 1
  m_SelectedEditorRenderState: 3
  m_MinimumChartSize: 4
  m_AutoUVMaxDistance: 0.5
  m_AutoUVMaxAngle: 89
  m_LightmapParameters: {fileID: 0}
  m_SortingLayerID: 0
  m_SortingLayer: 0
  m_SortingOrder: 0
  m_AdditionalVertexStreams: {fileID: 0}
--- !u!136 &8979141263441322921
CapsuleCollider:
  m_ObjectHideFlags: 0
  m_CorrespondingSourceObject: {fileID: 0}
  m_PrefabInstance: {fileID: 0}
  m_PrefabAsset: {fileID: 0}
  m_GameObject: {fileID: 8979141263441322927}
  m_Material: {fileID: 0}
  m_IsTrigger: 0
  m_Enabled: 1
  m_Radius: 0.5000001
  m_Height: 2
  m_Direction: 1
  m_Center: {x: 0.000000059604645, y: 0, z: -0.00000008940697}
--- !u!1 &8979141263462690348
GameObject:
  m_ObjectHideFlags: 0
  m_CorrespondingSourceObject: {fileID: 0}
  m_PrefabInstance: {fileID: 0}
  m_PrefabAsset: {fileID: 0}
  serializedVersion: 6
  m_Component:
  - component: {fileID: 8979141263462690351}
  - component: {fileID: 8979141263462690344}
  - component: {fileID: 8979141263462690345}
  - component: {fileID: 8979141263462690350}
  m_Layer: 0
  m_Name: Rope1 (2)
  m_TagString: Untagged
  m_Icon: {fileID: 0}
  m_NavMeshLayer: 0
  m_StaticEditorFlags: 0
  m_IsActive: 1
--- !u!4 &8979141263462690351
Transform:
  m_ObjectHideFlags: 0
  m_CorrespondingSourceObject: {fileID: 0}
  m_PrefabInstance: {fileID: 0}
  m_PrefabAsset: {fileID: 0}
  m_GameObject: {fileID: 8979141263462690348}
  m_LocalRotation: {x: -0.04280341, y: 0.3765339, z: 0.891405, w: 0.24857062}
  m_LocalPosition: {x: -42.9, y: 35.26, z: 64.8}
  m_LocalScale: {x: 1, y: 25, z: 1}
  m_Children: []
  m_Father: {fileID: 8979141262318515981}
  m_RootOrder: 9
  m_LocalEulerAnglesHint: {x: -43.834, y: 8.842, z: 145.274}
--- !u!33 &8979141263462690344
MeshFilter:
  m_ObjectHideFlags: 0
  m_CorrespondingSourceObject: {fileID: 0}
  m_PrefabInstance: {fileID: 0}
  m_PrefabAsset: {fileID: 0}
  m_GameObject: {fileID: 8979141263462690348}
  m_Mesh: {fileID: 10206, guid: 0000000000000000e000000000000000, type: 0}
--- !u!23 &8979141263462690345
MeshRenderer:
  m_ObjectHideFlags: 0
  m_CorrespondingSourceObject: {fileID: 0}
  m_PrefabInstance: {fileID: 0}
  m_PrefabAsset: {fileID: 0}
  m_GameObject: {fileID: 8979141263462690348}
  m_Enabled: 1
  m_CastShadows: 1
  m_ReceiveShadows: 1
  m_DynamicOccludee: 1
  m_MotionVectors: 1
  m_LightProbeUsage: 1
  m_ReflectionProbeUsage: 1
  m_RayTracingMode: 2
  m_RayTraceProcedural: 0
  m_RenderingLayerMask: 1
  m_RendererPriority: 0
  m_Materials:
  - {fileID: 2100000, guid: affe8420ea98e6140b81dcb49af842a6, type: 2}
  m_StaticBatchInfo:
    firstSubMesh: 0
    subMeshCount: 0
  m_StaticBatchRoot: {fileID: 0}
  m_ProbeAnchor: {fileID: 0}
  m_LightProbeVolumeOverride: {fileID: 0}
  m_ScaleInLightmap: 1
  m_ReceiveGI: 1
  m_PreserveUVs: 0
  m_IgnoreNormalsForChartDetection: 0
  m_ImportantGI: 0
  m_StitchLightmapSeams: 1
  m_SelectedEditorRenderState: 3
  m_MinimumChartSize: 4
  m_AutoUVMaxDistance: 0.5
  m_AutoUVMaxAngle: 89
  m_LightmapParameters: {fileID: 0}
  m_SortingLayerID: 0
  m_SortingLayer: 0
  m_SortingOrder: 0
  m_AdditionalVertexStreams: {fileID: 0}
--- !u!136 &8979141263462690350
CapsuleCollider:
  m_ObjectHideFlags: 0
  m_CorrespondingSourceObject: {fileID: 0}
  m_PrefabInstance: {fileID: 0}
  m_PrefabAsset: {fileID: 0}
  m_GameObject: {fileID: 8979141263462690348}
  m_Material: {fileID: 0}
  m_IsTrigger: 0
  m_Enabled: 1
  m_Radius: 0.5000001
  m_Height: 2
  m_Direction: 1
  m_Center: {x: 0.000000059604645, y: 0, z: -0.00000008940697}
--- !u!1 &8979141263821201785
GameObject:
  m_ObjectHideFlags: 0
  m_CorrespondingSourceObject: {fileID: 0}
  m_PrefabInstance: {fileID: 0}
  m_PrefabAsset: {fileID: 0}
  serializedVersion: 6
  m_Component:
  - component: {fileID: 8979141263821201784}
  - component: {fileID: 8979141263821201669}
  - component: {fileID: 8979141263821201786}
  - component: {fileID: 8979141263821201787}
  m_Layer: 0
  m_Name: SupportPillar2
  m_TagString: Untagged
  m_Icon: {fileID: 0}
  m_NavMeshLayer: 0
  m_StaticEditorFlags: 0
  m_IsActive: 1
--- !u!4 &8979141263821201784
Transform:
  m_ObjectHideFlags: 0
  m_CorrespondingSourceObject: {fileID: 0}
  m_PrefabInstance: {fileID: 0}
  m_PrefabAsset: {fileID: 0}
  m_GameObject: {fileID: 8979141263821201785}
  m_LocalRotation: {x: 0, y: 0, z: 0, w: 1}
  m_LocalPosition: {x: -33.5, y: 89.5, z: 92.1}
  m_LocalScale: {x: 4, y: 30, z: 4}
  m_Children: []
  m_Father: {fileID: 8979141262318515981}
  m_RootOrder: 6
  m_LocalEulerAnglesHint: {x: 0, y: 0, z: 0}
--- !u!33 &8979141263821201669
MeshFilter:
  m_ObjectHideFlags: 0
  m_CorrespondingSourceObject: {fileID: 0}
  m_PrefabInstance: {fileID: 0}
  m_PrefabAsset: {fileID: 0}
  m_GameObject: {fileID: 8979141263821201785}
  m_Mesh: {fileID: 10206, guid: 0000000000000000e000000000000000, type: 0}
--- !u!23 &8979141263821201786
MeshRenderer:
  m_ObjectHideFlags: 0
  m_CorrespondingSourceObject: {fileID: 0}
  m_PrefabInstance: {fileID: 0}
  m_PrefabAsset: {fileID: 0}
  m_GameObject: {fileID: 8979141263821201785}
  m_Enabled: 1
  m_CastShadows: 1
  m_ReceiveShadows: 1
  m_DynamicOccludee: 1
  m_MotionVectors: 1
  m_LightProbeUsage: 1
  m_ReflectionProbeUsage: 1
  m_RayTracingMode: 2
  m_RayTraceProcedural: 0
  m_RenderingLayerMask: 1
  m_RendererPriority: 0
  m_Materials:
  - {fileID: 2100000, guid: c52059b96ac7ddc438a039673d11f56d, type: 2}
  m_StaticBatchInfo:
    firstSubMesh: 0
    subMeshCount: 0
  m_StaticBatchRoot: {fileID: 0}
  m_ProbeAnchor: {fileID: 0}
  m_LightProbeVolumeOverride: {fileID: 0}
  m_ScaleInLightmap: 1
  m_ReceiveGI: 1
  m_PreserveUVs: 0
  m_IgnoreNormalsForChartDetection: 0
  m_ImportantGI: 0
  m_StitchLightmapSeams: 1
  m_SelectedEditorRenderState: 3
  m_MinimumChartSize: 4
  m_AutoUVMaxDistance: 0.5
  m_AutoUVMaxAngle: 89
  m_LightmapParameters: {fileID: 0}
  m_SortingLayerID: 0
  m_SortingLayer: 0
  m_SortingOrder: 0
  m_AdditionalVertexStreams: {fileID: 0}
--- !u!136 &8979141263821201787
CapsuleCollider:
  m_ObjectHideFlags: 0
  m_CorrespondingSourceObject: {fileID: 0}
  m_PrefabInstance: {fileID: 0}
  m_PrefabAsset: {fileID: 0}
  m_GameObject: {fileID: 8979141263821201785}
  m_Material: {fileID: 0}
  m_IsTrigger: 0
  m_Enabled: 1
  m_Radius: 0.5000001
  m_Height: 2
  m_Direction: 1
  m_Center: {x: 0.000000059604645, y: 0, z: -0.00000008940697}
--- !u!1 &8979141264120144753
GameObject:
  m_ObjectHideFlags: 0
  m_CorrespondingSourceObject: {fileID: 0}
  m_PrefabInstance: {fileID: 0}
  m_PrefabAsset: {fileID: 0}
  serializedVersion: 6
  m_Component:
  - component: {fileID: 8979141264120144752}
  - component: {fileID: 8979141264120144765}
  - component: {fileID: 8979141264120144754}
  - component: {fileID: 8979141264120144755}
  m_Layer: 0
  m_Name: Rope1
  m_TagString: Untagged
  m_Icon: {fileID: 0}
  m_NavMeshLayer: 0
  m_StaticEditorFlags: 0
  m_IsActive: 1
--- !u!4 &8979141264120144752
Transform:
  m_ObjectHideFlags: 0
  m_CorrespondingSourceObject: {fileID: 0}
  m_PrefabInstance: {fileID: 0}
  m_PrefabAsset: {fileID: 0}
  m_GameObject: {fileID: 8979141264120144753}
  m_LocalRotation: {x: -0.5737888, y: -0.22145171, z: -0.10602399, w: 0.781335}
  m_LocalPosition: {x: -2.36, y: 109.79, z: -22.54}
  m_LocalScale: {x: 1, y: 25, z: 1}
  m_Children: []
  m_Father: {fileID: 8979141262318515981}
  m_RootOrder: 7
  m_LocalEulerAnglesHint: {x: -70.665, y: -42.666, z: 15.495}
--- !u!33 &8979141264120144765
MeshFilter:
  m_ObjectHideFlags: 0
  m_CorrespondingSourceObject: {fileID: 0}
  m_PrefabInstance: {fileID: 0}
  m_PrefabAsset: {fileID: 0}
  m_GameObject: {fileID: 8979141264120144753}
  m_Mesh: {fileID: 10206, guid: 0000000000000000e000000000000000, type: 0}
--- !u!23 &8979141264120144754
MeshRenderer:
  m_ObjectHideFlags: 0
  m_CorrespondingSourceObject: {fileID: 0}
  m_PrefabInstance: {fileID: 0}
  m_PrefabAsset: {fileID: 0}
  m_GameObject: {fileID: 8979141264120144753}
  m_Enabled: 1
  m_CastShadows: 1
  m_ReceiveShadows: 1
  m_DynamicOccludee: 1
  m_MotionVectors: 1
  m_LightProbeUsage: 1
  m_ReflectionProbeUsage: 1
  m_RayTracingMode: 2
  m_RayTraceProcedural: 0
  m_RenderingLayerMask: 1
  m_RendererPriority: 0
  m_Materials:
  - {fileID: 2100000, guid: affe8420ea98e6140b81dcb49af842a6, type: 2}
  m_StaticBatchInfo:
    firstSubMesh: 0
    subMeshCount: 0
  m_StaticBatchRoot: {fileID: 0}
  m_ProbeAnchor: {fileID: 0}
  m_LightProbeVolumeOverride: {fileID: 0}
  m_ScaleInLightmap: 1
  m_ReceiveGI: 1
  m_PreserveUVs: 0
  m_IgnoreNormalsForChartDetection: 0
  m_ImportantGI: 0
  m_StitchLightmapSeams: 1
  m_SelectedEditorRenderState: 3
  m_MinimumChartSize: 4
  m_AutoUVMaxDistance: 0.5
  m_AutoUVMaxAngle: 89
  m_LightmapParameters: {fileID: 0}
  m_SortingLayerID: 0
  m_SortingLayer: 0
  m_SortingOrder: 0
  m_AdditionalVertexStreams: {fileID: 0}
--- !u!136 &8979141264120144755
CapsuleCollider:
  m_ObjectHideFlags: 0
  m_CorrespondingSourceObject: {fileID: 0}
  m_PrefabInstance: {fileID: 0}
  m_PrefabAsset: {fileID: 0}
  m_GameObject: {fileID: 8979141264120144753}
  m_Material: {fileID: 0}
  m_IsTrigger: 0
  m_Enabled: 1
  m_Radius: 0.5000001
  m_Height: 2
  m_Direction: 1
  m_Center: {x: 0.000000059604645, y: 0, z: -0.00000008940697}
--- !u!1001 &8979141262260910727
PrefabInstance:
  m_ObjectHideFlags: 0
  serializedVersion: 2
  m_Modification:
    m_TransformParent: {fileID: 8979141262318515981}
    m_Modifications:
    - target: {fileID: 1541891390132870, guid: 29b4a7fc34fd3d149b5c4a4657967ef4, type: 3}
      propertyPath: m_Name
      value: EA04_Env_Rocks_Sand_01d_PRE
      objectReference: {fileID: 0}
    - target: {fileID: 4936821779956942, guid: 29b4a7fc34fd3d149b5c4a4657967ef4, type: 3}
      propertyPath: m_RootOrder
      value: 1
      objectReference: {fileID: 0}
    - target: {fileID: 4936821779956942, guid: 29b4a7fc34fd3d149b5c4a4657967ef4, type: 3}
      propertyPath: m_LocalScale.x
      value: 10
      objectReference: {fileID: 0}
    - target: {fileID: 4936821779956942, guid: 29b4a7fc34fd3d149b5c4a4657967ef4, type: 3}
      propertyPath: m_LocalScale.y
      value: 10
      objectReference: {fileID: 0}
    - target: {fileID: 4936821779956942, guid: 29b4a7fc34fd3d149b5c4a4657967ef4, type: 3}
      propertyPath: m_LocalScale.z
      value: 10
      objectReference: {fileID: 0}
    - target: {fileID: 4936821779956942, guid: 29b4a7fc34fd3d149b5c4a4657967ef4, type: 3}
      propertyPath: m_LocalPosition.x
      value: -43
      objectReference: {fileID: 0}
    - target: {fileID: 4936821779956942, guid: 29b4a7fc34fd3d149b5c4a4657967ef4, type: 3}
      propertyPath: m_LocalPosition.y
      value: 3.2999992
      objectReference: {fileID: 0}
    - target: {fileID: 4936821779956942, guid: 29b4a7fc34fd3d149b5c4a4657967ef4, type: 3}
      propertyPath: m_LocalPosition.z
      value: 37.30002
      objectReference: {fileID: 0}
    - target: {fileID: 4936821779956942, guid: 29b4a7fc34fd3d149b5c4a4657967ef4, type: 3}
      propertyPath: m_LocalRotation.w
      value: 1
      objectReference: {fileID: 0}
    - target: {fileID: 4936821779956942, guid: 29b4a7fc34fd3d149b5c4a4657967ef4, type: 3}
      propertyPath: m_LocalRotation.x
      value: -0
      objectReference: {fileID: 0}
    - target: {fileID: 4936821779956942, guid: 29b4a7fc34fd3d149b5c4a4657967ef4, type: 3}
      propertyPath: m_LocalRotation.y
      value: -0
      objectReference: {fileID: 0}
    - target: {fileID: 4936821779956942, guid: 29b4a7fc34fd3d149b5c4a4657967ef4, type: 3}
      propertyPath: m_LocalRotation.z
      value: -0
      objectReference: {fileID: 0}
    - target: {fileID: 4936821779956942, guid: 29b4a7fc34fd3d149b5c4a4657967ef4, type: 3}
      propertyPath: m_LocalEulerAnglesHint.x
      value: 0
      objectReference: {fileID: 0}
    - target: {fileID: 4936821779956942, guid: 29b4a7fc34fd3d149b5c4a4657967ef4, type: 3}
      propertyPath: m_LocalEulerAnglesHint.y
      value: 0
      objectReference: {fileID: 0}
    - target: {fileID: 4936821779956942, guid: 29b4a7fc34fd3d149b5c4a4657967ef4, type: 3}
      propertyPath: m_LocalEulerAnglesHint.z
      value: 0
      objectReference: {fileID: 0}
    m_RemovedComponents: []
  m_SourcePrefab: {fileID: 100100000, guid: 29b4a7fc34fd3d149b5c4a4657967ef4, type: 3}
--- !u!4 &8975070858881973833 stripped
Transform:
  m_CorrespondingSourceObject: {fileID: 4936821779956942, guid: 29b4a7fc34fd3d149b5c4a4657967ef4, type: 3}
  m_PrefabInstance: {fileID: 8979141262260910727}
  m_PrefabAsset: {fileID: 0}
--- !u!1001 &8979141263631329356
PrefabInstance:
  m_ObjectHideFlags: 0
  serializedVersion: 2
  m_Modification:
    m_TransformParent: {fileID: 8979141262318515981}
    m_Modifications:
    - target: {fileID: 1487430901240448, guid: 9383011fae6141441b2bd0873f13db73, type: 3}
      propertyPath: m_Name
      value: EA04_Env_Rocks_Sand_01c_PRE
      objectReference: {fileID: 0}
    - target: {fileID: 4791749375991032, guid: 9383011fae6141441b2bd0873f13db73, type: 3}
      propertyPath: m_RootOrder
      value: 2
      objectReference: {fileID: 0}
    - target: {fileID: 4791749375991032, guid: 9383011fae6141441b2bd0873f13db73, type: 3}
      propertyPath: m_LocalScale.x
      value: 10
      objectReference: {fileID: 0}
    - target: {fileID: 4791749375991032, guid: 9383011fae6141441b2bd0873f13db73, type: 3}
      propertyPath: m_LocalScale.y
      value: 10
      objectReference: {fileID: 0}
    - target: {fileID: 4791749375991032, guid: 9383011fae6141441b2bd0873f13db73, type: 3}
      propertyPath: m_LocalScale.z
      value: 10
      objectReference: {fileID: 0}
    - target: {fileID: 4791749375991032, guid: 9383011fae6141441b2bd0873f13db73, type: 3}
      propertyPath: m_LocalPosition.x
      value: 7.0999756
      objectReference: {fileID: 0}
    - target: {fileID: 4791749375991032, guid: 9383011fae6141441b2bd0873f13db73, type: 3}
      propertyPath: m_LocalPosition.y
      value: 0
      objectReference: {fileID: 0}
    - target: {fileID: 4791749375991032, guid: 9383011fae6141441b2bd0873f13db73, type: 3}
      propertyPath: m_LocalPosition.z
      value: -40.399994
      objectReference: {fileID: 0}
    - target: {fileID: 4791749375991032, guid: 9383011fae6141441b2bd0873f13db73, type: 3}
      propertyPath: m_LocalRotation.w
      value: 0.042116895
      objectReference: {fileID: 0}
    - target: {fileID: 4791749375991032, guid: 9383011fae6141441b2bd0873f13db73, type: 3}
      propertyPath: m_LocalRotation.x
      value: -0
      objectReference: {fileID: 0}
    - target: {fileID: 4791749375991032, guid: 9383011fae6141441b2bd0873f13db73, type: 3}
      propertyPath: m_LocalRotation.y
      value: 0.9991127
      objectReference: {fileID: 0}
    - target: {fileID: 4791749375991032, guid: 9383011fae6141441b2bd0873f13db73, type: 3}
      propertyPath: m_LocalRotation.z
      value: -0
      objectReference: {fileID: 0}
    - target: {fileID: 4791749375991032, guid: 9383011fae6141441b2bd0873f13db73, type: 3}
      propertyPath: m_LocalEulerAnglesHint.x
      value: 0
      objectReference: {fileID: 0}
    - target: {fileID: 4791749375991032, guid: 9383011fae6141441b2bd0873f13db73, type: 3}
      propertyPath: m_LocalEulerAnglesHint.y
      value: 175.172
      objectReference: {fileID: 0}
    - target: {fileID: 4791749375991032, guid: 9383011fae6141441b2bd0873f13db73, type: 3}
      propertyPath: m_LocalEulerAnglesHint.z
      value: 0
      objectReference: {fileID: 0}
    m_RemovedComponents: []
  m_SourcePrefab: {fileID: 100100000, guid: 9383011fae6141441b2bd0873f13db73, type: 3}
--- !u!4 &8974925795825071284 stripped
Transform:
  m_CorrespondingSourceObject: {fileID: 4791749375991032, guid: 9383011fae6141441b2bd0873f13db73, type: 3}
  m_PrefabInstance: {fileID: 8979141263631329356}
  m_PrefabAsset: {fileID: 0}
--- !u!1001 &8979141263711334716
PrefabInstance:
  m_ObjectHideFlags: 0
  serializedVersion: 2
  m_Modification:
    m_TransformParent: {fileID: 8979141262318515981}
    m_Modifications:
    - target: {fileID: 1009146257764706, guid: 96d02a92e4461d341ac8eaa5e8822fdc, type: 3}
      propertyPath: m_Name
      value: EA04_Env_Rocks_Sand_01a_PRE
      objectReference: {fileID: 0}
    - target: {fileID: 4195436420902094, guid: 96d02a92e4461d341ac8eaa5e8822fdc, type: 3}
      propertyPath: m_RootOrder
      value: 3
      objectReference: {fileID: 0}
    - target: {fileID: 4195436420902094, guid: 96d02a92e4461d341ac8eaa5e8822fdc, type: 3}
      propertyPath: m_LocalScale.x
      value: 10
      objectReference: {fileID: 0}
    - target: {fileID: 4195436420902094, guid: 96d02a92e4461d341ac8eaa5e8822fdc, type: 3}
      propertyPath: m_LocalScale.y
      value: 10
      objectReference: {fileID: 0}
    - target: {fileID: 4195436420902094, guid: 96d02a92e4461d341ac8eaa5e8822fdc, type: 3}
      propertyPath: m_LocalScale.z
      value: 10
      objectReference: {fileID: 0}
    - target: {fileID: 4195436420902094, guid: 96d02a92e4461d341ac8eaa5e8822fdc, type: 3}
      propertyPath: m_LocalPosition.x
      value: -15.700012
      objectReference: {fileID: 0}
    - target: {fileID: 4195436420902094, guid: 96d02a92e4461d341ac8eaa5e8822fdc, type: 3}
      propertyPath: m_LocalPosition.y
      value: 3.2000008
      objectReference: {fileID: 0}
    - target: {fileID: 4195436420902094, guid: 96d02a92e4461d341ac8eaa5e8822fdc, type: 3}
      propertyPath: m_LocalPosition.z
      value: 9.399994
      objectReference: {fileID: 0}
    - target: {fileID: 4195436420902094, guid: 96d02a92e4461d341ac8eaa5e8822fdc, type: 3}
      propertyPath: m_LocalRotation.w
      value: 0.997411
      objectReference: {fileID: 0}
    - target: {fileID: 4195436420902094, guid: 96d02a92e4461d341ac8eaa5e8822fdc, type: 3}
      propertyPath: m_LocalRotation.x
      value: -0
      objectReference: {fileID: 0}
    - target: {fileID: 4195436420902094, guid: 96d02a92e4461d341ac8eaa5e8822fdc, type: 3}
      propertyPath: m_LocalRotation.y
      value: -0.071912244
      objectReference: {fileID: 0}
    - target: {fileID: 4195436420902094, guid: 96d02a92e4461d341ac8eaa5e8822fdc, type: 3}
      propertyPath: m_LocalRotation.z
      value: -0
      objectReference: {fileID: 0}
    - target: {fileID: 4195436420902094, guid: 96d02a92e4461d341ac8eaa5e8822fdc, type: 3}
      propertyPath: m_LocalEulerAnglesHint.x
      value: 0
      objectReference: {fileID: 0}
    - target: {fileID: 4195436420902094, guid: 96d02a92e4461d341ac8eaa5e8822fdc, type: 3}
      propertyPath: m_LocalEulerAnglesHint.y
      value: -8.248
      objectReference: {fileID: 0}
    - target: {fileID: 4195436420902094, guid: 96d02a92e4461d341ac8eaa5e8822fdc, type: 3}
      propertyPath: m_LocalEulerAnglesHint.z
      value: 0
      objectReference: {fileID: 0}
    m_RemovedComponents: []
  m_SourcePrefab: {fileID: 100100000, guid: 96d02a92e4461d341ac8eaa5e8822fdc, type: 3}
--- !u!4 &8976438070997638642 stripped
Transform:
  m_CorrespondingSourceObject: {fileID: 4195436420902094, guid: 96d02a92e4461d341ac8eaa5e8822fdc, type: 3}
  m_PrefabInstance: {fileID: 8979141263711334716}
  m_PrefabAsset: {fileID: 0}
--- !u!1001 &8979141264037848028
PrefabInstance:
  m_ObjectHideFlags: 0
  serializedVersion: 2
  m_Modification:
    m_TransformParent: {fileID: 8979141262318515981}
    m_Modifications:
    - target: {fileID: 1009146257764706, guid: 96d02a92e4461d341ac8eaa5e8822fdc, type: 3}
      propertyPath: m_Name
      value: EA04_Env_Rocks_Sand_01a_PRE
      objectReference: {fileID: 0}
    - target: {fileID: 4195436420902094, guid: 96d02a92e4461d341ac8eaa5e8822fdc, type: 3}
      propertyPath: m_RootOrder
      value: 4
      objectReference: {fileID: 0}
    - target: {fileID: 4195436420902094, guid: 96d02a92e4461d341ac8eaa5e8822fdc, type: 3}
      propertyPath: m_LocalScale.x
      value: 10
      objectReference: {fileID: 0}
    - target: {fileID: 4195436420902094, guid: 96d02a92e4461d341ac8eaa5e8822fdc, type: 3}
      propertyPath: m_LocalScale.y
      value: 10
      objectReference: {fileID: 0}
    - target: {fileID: 4195436420902094, guid: 96d02a92e4461d341ac8eaa5e8822fdc, type: 3}
      propertyPath: m_LocalScale.z
      value: 10
      objectReference: {fileID: 0}
    - target: {fileID: 4195436420902094, guid: 96d02a92e4461d341ac8eaa5e8822fdc, type: 3}
      propertyPath: m_LocalPosition.x
      value: 10.580994
      objectReference: {fileID: 0}
    - target: {fileID: 4195436420902094, guid: 96d02a92e4461d341ac8eaa5e8822fdc, type: 3}
      propertyPath: m_LocalPosition.y
      value: 1.7999992
      objectReference: {fileID: 0}
    - target: {fileID: 4195436420902094, guid: 96d02a92e4461d341ac8eaa5e8822fdc, type: 3}
      propertyPath: m_LocalPosition.z
      value: 40.875885
      objectReference: {fileID: 0}
    - target: {fileID: 4195436420902094, guid: 96d02a92e4461d341ac8eaa5e8822fdc, type: 3}
      propertyPath: m_LocalRotation.w
      value: 0.9509912
      objectReference: {fileID: 0}
    - target: {fileID: 4195436420902094, guid: 96d02a92e4461d341ac8eaa5e8822fdc, type: 3}
      propertyPath: m_LocalRotation.x
      value: -0
      objectReference: {fileID: 0}
    - target: {fileID: 4195436420902094, guid: 96d02a92e4461d341ac8eaa5e8822fdc, type: 3}
      propertyPath: m_LocalRotation.y
      value: -0.3092178
      objectReference: {fileID: 0}
    - target: {fileID: 4195436420902094, guid: 96d02a92e4461d341ac8eaa5e8822fdc, type: 3}
      propertyPath: m_LocalRotation.z
      value: -0
      objectReference: {fileID: 0}
    - target: {fileID: 4195436420902094, guid: 96d02a92e4461d341ac8eaa5e8822fdc, type: 3}
      propertyPath: m_LocalEulerAnglesHint.x
      value: 0
      objectReference: {fileID: 0}
    - target: {fileID: 4195436420902094, guid: 96d02a92e4461d341ac8eaa5e8822fdc, type: 3}
      propertyPath: m_LocalEulerAnglesHint.y
      value: -36.024
      objectReference: {fileID: 0}
    - target: {fileID: 4195436420902094, guid: 96d02a92e4461d341ac8eaa5e8822fdc, type: 3}
      propertyPath: m_LocalEulerAnglesHint.z
      value: 0
      objectReference: {fileID: 0}
    m_RemovedComponents: []
  m_SourcePrefab: {fileID: 100100000, guid: 96d02a92e4461d341ac8eaa5e8822fdc, type: 3}
--- !u!4 &8976438071340601106 stripped
Transform:
  m_CorrespondingSourceObject: {fileID: 4195436420902094, guid: 96d02a92e4461d341ac8eaa5e8822fdc, type: 3}
  m_PrefabInstance: {fileID: 8979141264037848028}
  m_PrefabAsset: {fileID: 0}
--- !u!1001 &8979141264040891362
PrefabInstance:
  m_ObjectHideFlags: 0
  serializedVersion: 2
  m_Modification:
    m_TransformParent: {fileID: 8979141262318515981}
    m_Modifications:
    - target: {fileID: 1487430901240448, guid: 9383011fae6141441b2bd0873f13db73, type: 3}
      propertyPath: m_Name
      value: EA04_Env_Rocks_Sand_01c_PRE
      objectReference: {fileID: 0}
    - target: {fileID: 4791749375991032, guid: 9383011fae6141441b2bd0873f13db73, type: 3}
      propertyPath: m_RootOrder
      value: 0
      objectReference: {fileID: 0}
    - target: {fileID: 4791749375991032, guid: 9383011fae6141441b2bd0873f13db73, type: 3}
      propertyPath: m_LocalScale.x
      value: 10
      objectReference: {fileID: 0}
    - target: {fileID: 4791749375991032, guid: 9383011fae6141441b2bd0873f13db73, type: 3}
      propertyPath: m_LocalScale.y
      value: 10
      objectReference: {fileID: 0}
    - target: {fileID: 4791749375991032, guid: 9383011fae6141441b2bd0873f13db73, type: 3}
      propertyPath: m_LocalScale.z
      value: 10
      objectReference: {fileID: 0}
    - target: {fileID: 4791749375991032, guid: 9383011fae6141441b2bd0873f13db73, type: 3}
      propertyPath: m_LocalPosition.x
      value: -38.19995
      objectReference: {fileID: 0}
    - target: {fileID: 4791749375991032, guid: 9383011fae6141441b2bd0873f13db73, type: 3}
      propertyPath: m_LocalPosition.y
      value: 1.7000008
      objectReference: {fileID: 0}
    - target: {fileID: 4791749375991032, guid: 9383011fae6141441b2bd0873f13db73, type: 3}
      propertyPath: m_LocalPosition.z
      value: 83.19998
      objectReference: {fileID: 0}
    - target: {fileID: 4791749375991032, guid: 9383011fae6141441b2bd0873f13db73, type: 3}
      propertyPath: m_LocalRotation.w
      value: 0.7655907
      objectReference: {fileID: 0}
    - target: {fileID: 4791749375991032, guid: 9383011fae6141441b2bd0873f13db73, type: 3}
      propertyPath: m_LocalRotation.x
      value: -0
      objectReference: {fileID: 0}
    - target: {fileID: 4791749375991032, guid: 9383011fae6141441b2bd0873f13db73, type: 3}
      propertyPath: m_LocalRotation.y
      value: 0.643328
      objectReference: {fileID: 0}
    - target: {fileID: 4791749375991032, guid: 9383011fae6141441b2bd0873f13db73, type: 3}
      propertyPath: m_LocalRotation.z
      value: -0
      objectReference: {fileID: 0}
    - target: {fileID: 4791749375991032, guid: 9383011fae6141441b2bd0873f13db73, type: 3}
      propertyPath: m_LocalEulerAnglesHint.x
      value: 0
      objectReference: {fileID: 0}
    - target: {fileID: 4791749375991032, guid: 9383011fae6141441b2bd0873f13db73, type: 3}
      propertyPath: m_LocalEulerAnglesHint.y
      value: 80.081
      objectReference: {fileID: 0}
    - target: {fileID: 4791749375991032, guid: 9383011fae6141441b2bd0873f13db73, type: 3}
      propertyPath: m_LocalEulerAnglesHint.z
      value: 0
      objectReference: {fileID: 0}
    m_RemovedComponents: []
  m_SourcePrefab: {fileID: 100100000, guid: 9383011fae6141441b2bd0873f13db73, type: 3}
--- !u!4 &8974925796206251802 stripped
Transform:
  m_CorrespondingSourceObject: {fileID: 4791749375991032, guid: 9383011fae6141441b2bd0873f13db73, type: 3}
  m_PrefabInstance: {fileID: 8979141264040891362}
  m_PrefabAsset: {fileID: 0}
