%YAML 1.1
%TAG !u! tag:unity3d.com,2011:
--- !u!1001 &589056289629704529
PrefabInstance:
  m_ObjectHideFlags: 0
  serializedVersion: 2
  m_Modification:
    m_TransformParent: {fileID: 0}
    m_Modifications:
    - target: {fileID: -8679921383154817045, guid: d45e5c2a692ed15448d53b608d30088c, type: 3}
      propertyPath: m_RootOrder
      value: 0
      objectReference: {fileID: 0}
    - target: {fileID: -8679921383154817045, guid: d45e5c2a692ed15448d53b608d30088c, type: 3}
      propertyPath: m_LocalPosition.x
      value: 0
      objectReference: {fileID: 0}
    - target: {fileID: -8679921383154817045, guid: d45e5c2a692ed15448d53b608d30088c, type: 3}
      propertyPath: m_LocalPosition.y
      value: 0
      objectReference: {fileID: 0}
    - target: {fileID: -8679921383154817045, guid: d45e5c2a692ed15448d53b608d30088c, type: 3}
      propertyPath: m_LocalPosition.z
      value: 0
      objectReference: {fileID: 0}
    - target: {fileID: -8679921383154817045, guid: d45e5c2a692ed15448d53b608d30088c, type: 3}
      propertyPath: m_LocalRotation.w
      value: 1
      objectReference: {fileID: 0}
    - target: {fileID: -8679921383154817045, guid: d45e5c2a692ed15448d53b608d30088c, type: 3}
      propertyPath: m_LocalRotation.x
      value: 0
      objectReference: {fileID: 0}
    - target: {fileID: -8679921383154817045, guid: d45e5c2a692ed15448d53b608d30088c, type: 3}
      propertyPath: m_LocalRotation.y
      value: 0
      objectReference: {fileID: 0}
    - target: {fileID: -8679921383154817045, guid: d45e5c2a692ed15448d53b608d30088c, type: 3}
      propertyPath: m_LocalRotation.z
      value: 0
      objectReference: {fileID: 0}
    - target: {fileID: -8679921383154817045, guid: d45e5c2a692ed15448d53b608d30088c, type: 3}
      propertyPath: m_LocalEulerAnglesHint.x
      value: 0
      objectReference: {fileID: 0}
    - target: {fileID: -8679921383154817045, guid: d45e5c2a692ed15448d53b608d30088c, type: 3}
      propertyPath: m_LocalEulerAnglesHint.y
      value: 0
      objectReference: {fileID: 0}
    - target: {fileID: -8679921383154817045, guid: d45e5c2a692ed15448d53b608d30088c, type: 3}
      propertyPath: m_LocalEulerAnglesHint.z
      value: 0
      objectReference: {fileID: 0}
    - target: {fileID: -611798744091766095, guid: d45e5c2a692ed15448d53b608d30088c, type: 3}
      propertyPath: m_RootBone
      value: 
      objectReference: {fileID: 5941722236131674038}
    - target: {fileID: -611798744091766095, guid: d45e5c2a692ed15448d53b608d30088c, type: 3}
      propertyPath: m_AABB.m_Center.x
      value: -0.00043812394
      objectReference: {fileID: 0}
    - target: {fileID: -611798744091766095, guid: d45e5c2a692ed15448d53b608d30088c, type: 3}
      propertyPath: m_AABB.m_Center.y
      value: -0.16695988
      objectReference: {fileID: 0}
    - target: {fileID: -611798744091766095, guid: d45e5c2a692ed15448d53b608d30088c, type: 3}
      propertyPath: m_AABB.m_Center.z
      value: 0.058220893
      objectReference: {fileID: 0}
    - target: {fileID: -611798744091766095, guid: d45e5c2a692ed15448d53b608d30088c, type: 3}
      propertyPath: m_AABB.m_Extent.y
      value: 0.9883908
      objectReference: {fileID: 0}
    - target: {fileID: -611798744091766095, guid: d45e5c2a692ed15448d53b608d30088c, type: 3}
      propertyPath: m_AABB.m_Extent.z
      value: 0.32883486
      objectReference: {fileID: 0}
    - target: {fileID: -611798744091766095, guid: d45e5c2a692ed15448d53b608d30088c, type: 3}
      propertyPath: m_Bones.Array.data[1]
      value: 
      objectReference: {fileID: 13421981769379392}
    - target: {fileID: -611798744091766095, guid: d45e5c2a692ed15448d53b608d30088c, type: 3}
      propertyPath: m_Bones.Array.data[2]
      value: 
      objectReference: {fileID: 6602166442650070894}
    - target: {fileID: -611798744091766095, guid: d45e5c2a692ed15448d53b608d30088c, type: 3}
      propertyPath: m_Bones.Array.data[3]
      value: 
      objectReference: {fileID: 3685811356282180328}
    - target: {fileID: -611798744091766095, guid: d45e5c2a692ed15448d53b608d30088c, type: 3}
      propertyPath: m_Bones.Array.data[4]
      value: 
      objectReference: {fileID: 3949499277981216471}
    - target: {fileID: -611798744091766095, guid: d45e5c2a692ed15448d53b608d30088c, type: 3}
      propertyPath: m_Bones.Array.data[5]
      value: 
      objectReference: {fileID: 1825968992260599326}
    - target: {fileID: -611798744091766095, guid: d45e5c2a692ed15448d53b608d30088c, type: 3}
      propertyPath: m_Bones.Array.data[6]
      value: 
      objectReference: {fileID: 5607084534364007760}
    - target: {fileID: -611798744091766095, guid: d45e5c2a692ed15448d53b608d30088c, type: 3}
      propertyPath: m_Bones.Array.data[7]
      value: 
      objectReference: {fileID: 1183673822610062072}
    - target: {fileID: -611798744091766095, guid: d45e5c2a692ed15448d53b608d30088c, type: 3}
      propertyPath: m_Bones.Array.data[8]
      value: 
      objectReference: {fileID: 4075354272086101144}
    - target: {fileID: -611798744091766095, guid: d45e5c2a692ed15448d53b608d30088c, type: 3}
      propertyPath: m_Bones.Array.data[9]
      value: 
      objectReference: {fileID: 6425019228101514823}
    - target: {fileID: -611798744091766095, guid: d45e5c2a692ed15448d53b608d30088c, type: 3}
      propertyPath: m_Bones.Array.data[10]
      value: 
      objectReference: {fileID: 1073325385848915197}
    - target: {fileID: -611798744091766095, guid: d45e5c2a692ed15448d53b608d30088c, type: 3}
      propertyPath: m_Bones.Array.data[11]
      value: 
      objectReference: {fileID: 6539700107850757343}
    - target: {fileID: -611798744091766095, guid: d45e5c2a692ed15448d53b608d30088c, type: 3}
      propertyPath: m_Bones.Array.data[12]
      value: 
      objectReference: {fileID: 3023868962318449495}
    - target: {fileID: -611798744091766095, guid: d45e5c2a692ed15448d53b608d30088c, type: 3}
      propertyPath: m_Bones.Array.data[13]
      value: 
      objectReference: {fileID: 6537874439368404179}
    - target: {fileID: -611798744091766095, guid: d45e5c2a692ed15448d53b608d30088c, type: 3}
      propertyPath: m_Bones.Array.data[14]
      value: 
      objectReference: {fileID: 5234242801584268643}
    - target: {fileID: -611798744091766095, guid: d45e5c2a692ed15448d53b608d30088c, type: 3}
      propertyPath: m_Bones.Array.data[15]
      value: 
      objectReference: {fileID: 5318529032008098419}
    - target: {fileID: -611798744091766095, guid: d45e5c2a692ed15448d53b608d30088c, type: 3}
      propertyPath: m_Bones.Array.data[16]
      value: 
      objectReference: {fileID: 7416907743073840607}
    - target: {fileID: -611798744091766095, guid: d45e5c2a692ed15448d53b608d30088c, type: 3}
      propertyPath: m_Bones.Array.data[17]
      value: 
      objectReference: {fileID: 6469786270565834501}
    - target: {fileID: -611798744091766095, guid: d45e5c2a692ed15448d53b608d30088c, type: 3}
      propertyPath: m_Bones.Array.data[18]
      value: 
      objectReference: {fileID: 5731467470898609775}
    - target: {fileID: -611798744091766095, guid: d45e5c2a692ed15448d53b608d30088c, type: 3}
      propertyPath: m_Bones.Array.data[19]
      value: 
      objectReference: {fileID: 4446157141461365024}
    - target: {fileID: -611798744091766095, guid: d45e5c2a692ed15448d53b608d30088c, type: 3}
      propertyPath: m_Bones.Array.data[20]
      value: 
      objectReference: {fileID: 4747556830369615167}
    - target: {fileID: -611798744091766095, guid: d45e5c2a692ed15448d53b608d30088c, type: 3}
      propertyPath: m_Bones.Array.data[21]
      value: 
      objectReference: {fileID: 2439485629324830489}
    - target: {fileID: -611798744091766095, guid: d45e5c2a692ed15448d53b608d30088c, type: 3}
      propertyPath: m_Bones.Array.data[22]
      value: 
      objectReference: {fileID: 4569304390661450160}
    - target: {fileID: -611798744091766095, guid: d45e5c2a692ed15448d53b608d30088c, type: 3}
      propertyPath: m_Bones.Array.data[23]
      value: 
      objectReference: {fileID: 8061091661173946601}
    - target: {fileID: -611798744091766095, guid: d45e5c2a692ed15448d53b608d30088c, type: 3}
      propertyPath: m_Bones.Array.data[24]
      value: 
      objectReference: {fileID: 4654847892971399086}
    - target: {fileID: -611798744091766095, guid: d45e5c2a692ed15448d53b608d30088c, type: 3}
      propertyPath: m_Bones.Array.data[25]
      value: 
      objectReference: {fileID: 1352727627189130667}
    - target: {fileID: -611798744091766095, guid: d45e5c2a692ed15448d53b608d30088c, type: 3}
      propertyPath: m_Bones.Array.data[26]
      value: 
      objectReference: {fileID: 2981390835874377985}
    - target: {fileID: -611798744091766095, guid: d45e5c2a692ed15448d53b608d30088c, type: 3}
      propertyPath: m_Bones.Array.data[27]
      value: 
      objectReference: {fileID: 175516538519620743}
    - target: {fileID: -611798744091766095, guid: d45e5c2a692ed15448d53b608d30088c, type: 3}
      propertyPath: m_Bones.Array.data[28]
      value: 
      objectReference: {fileID: 4518433561944250302}
    - target: {fileID: -611798744091766095, guid: d45e5c2a692ed15448d53b608d30088c, type: 3}
      propertyPath: m_Bones.Array.data[29]
      value: 
      objectReference: {fileID: 7089591830971458158}
    - target: {fileID: -611798744091766095, guid: d45e5c2a692ed15448d53b608d30088c, type: 3}
      propertyPath: m_Bones.Array.data[30]
      value: 
      objectReference: {fileID: 4605218230991840478}
    - target: {fileID: -611798744091766095, guid: d45e5c2a692ed15448d53b608d30088c, type: 3}
      propertyPath: m_Bones.Array.data[31]
      value: 
      objectReference: {fileID: 6048463116653603555}
    - target: {fileID: -611798744091766095, guid: d45e5c2a692ed15448d53b608d30088c, type: 3}
      propertyPath: m_Bones.Array.data[32]
      value: 
      objectReference: {fileID: 8333752215425401897}
    - target: {fileID: -611798744091766095, guid: d45e5c2a692ed15448d53b608d30088c, type: 3}
      propertyPath: m_Bones.Array.data[33]
      value: 
      objectReference: {fileID: 6368279786472203529}
    - target: {fileID: -611798744091766095, guid: d45e5c2a692ed15448d53b608d30088c, type: 3}
      propertyPath: m_Bones.Array.data[34]
      value: 
      objectReference: {fileID: 926648289804990049}
    - target: {fileID: -611798744091766095, guid: d45e5c2a692ed15448d53b608d30088c, type: 3}
      propertyPath: m_Bones.Array.data[35]
      value: 
      objectReference: {fileID: 8273816012349294890}
    - target: {fileID: -611798744091766095, guid: d45e5c2a692ed15448d53b608d30088c, type: 3}
      propertyPath: m_Bones.Array.data[36]
      value: 
      objectReference: {fileID: 7531653873918151583}
    - target: {fileID: -611798744091766095, guid: d45e5c2a692ed15448d53b608d30088c, type: 3}
      propertyPath: m_Bones.Array.data[37]
      value: 
      objectReference: {fileID: 7820226271445012951}
    - target: {fileID: -611798744091766095, guid: d45e5c2a692ed15448d53b608d30088c, type: 3}
      propertyPath: m_Bones.Array.data[38]
      value: 
      objectReference: {fileID: 975540688250605873}
    - target: {fileID: -611798744091766095, guid: d45e5c2a692ed15448d53b608d30088c, type: 3}
      propertyPath: m_Bones.Array.data[39]
      value: 
      objectReference: {fileID: 8387231066888442510}
    - target: {fileID: -611798744091766095, guid: d45e5c2a692ed15448d53b608d30088c, type: 3}
      propertyPath: m_Bones.Array.data[40]
      value: 
      objectReference: {fileID: 2962341811082573442}
    - target: {fileID: -611798744091766095, guid: d45e5c2a692ed15448d53b608d30088c, type: 3}
      propertyPath: m_Bones.Array.data[41]
      value: 
      objectReference: {fileID: 4969429435671492684}
    - target: {fileID: -611798744091766095, guid: d45e5c2a692ed15448d53b608d30088c, type: 3}
      propertyPath: m_Bones.Array.data[42]
      value: 
      objectReference: {fileID: 1910731384958805424}
    - target: {fileID: -611798744091766095, guid: d45e5c2a692ed15448d53b608d30088c, type: 3}
      propertyPath: m_Bones.Array.data[43]
      value: 
      objectReference: {fileID: 1609641082108501328}
    - target: {fileID: -611798744091766095, guid: d45e5c2a692ed15448d53b608d30088c, type: 3}
      propertyPath: m_Bones.Array.data[44]
      value: 
      objectReference: {fileID: 7817806985602757993}
    - target: {fileID: -611798744091766095, guid: d45e5c2a692ed15448d53b608d30088c, type: 3}
      propertyPath: m_Bones.Array.data[45]
      value: 
      objectReference: {fileID: 4940051759413029214}
    - target: {fileID: -611798744091766095, guid: d45e5c2a692ed15448d53b608d30088c, type: 3}
      propertyPath: m_Bones.Array.data[46]
      value: 
      objectReference: {fileID: 3903280029993350818}
    - target: {fileID: -611798744091766095, guid: d45e5c2a692ed15448d53b608d30088c, type: 3}
      propertyPath: m_Bones.Array.data[47]
      value: 
      objectReference: {fileID: 8717905335779361960}
    - target: {fileID: -611798744091766095, guid: d45e5c2a692ed15448d53b608d30088c, type: 3}
      propertyPath: m_Bones.Array.data[48]
      value: 
      objectReference: {fileID: 8306949912862723243}
    - target: {fileID: -611798744091766095, guid: d45e5c2a692ed15448d53b608d30088c, type: 3}
      propertyPath: m_Bones.Array.data[49]
      value: 
      objectReference: {fileID: 9097027003917971717}
    - target: {fileID: -611798744091766095, guid: d45e5c2a692ed15448d53b608d30088c, type: 3}
      propertyPath: m_Bones.Array.data[50]
      value: 
      objectReference: {fileID: 3209231331654125862}
    - target: {fileID: -611798744091766095, guid: d45e5c2a692ed15448d53b608d30088c, type: 3}
      propertyPath: m_Bones.Array.data[51]
      value: 
      objectReference: {fileID: 123220496187024880}
    - target: {fileID: -611798744091766095, guid: d45e5c2a692ed15448d53b608d30088c, type: 3}
      propertyPath: m_Bones.Array.data[52]
      value: 
      objectReference: {fileID: 1684137583202052895}
    - target: {fileID: -611798744091766095, guid: d45e5c2a692ed15448d53b608d30088c, type: 3}
      propertyPath: m_Bones.Array.data[53]
      value: 
      objectReference: {fileID: 8251586835578230247}
    - target: {fileID: -611798744091766095, guid: d45e5c2a692ed15448d53b608d30088c, type: 3}
      propertyPath: m_Bones.Array.data[54]
      value: 
      objectReference: {fileID: 1475295133900700616}
    - target: {fileID: -611798744091766095, guid: d45e5c2a692ed15448d53b608d30088c, type: 3}
      propertyPath: m_Bones.Array.data[55]
      value: 
      objectReference: {fileID: 1401705888526164566}
    - target: {fileID: -611798744091766095, guid: d45e5c2a692ed15448d53b608d30088c, type: 3}
      propertyPath: m_Bones.Array.data[56]
      value: 
      objectReference: {fileID: 7364565639076894760}
    - target: {fileID: -611798744091766095, guid: d45e5c2a692ed15448d53b608d30088c, type: 3}
      propertyPath: m_Bones.Array.data[57]
      value: 
      objectReference: {fileID: 7887888153916593769}
    - target: {fileID: -611798744091766095, guid: d45e5c2a692ed15448d53b608d30088c, type: 3}
      propertyPath: m_Bones.Array.data[58]
      value: 
      objectReference: {fileID: 6423139559106557915}
    - target: {fileID: -611798744091766095, guid: d45e5c2a692ed15448d53b608d30088c, type: 3}
      propertyPath: m_Bones.Array.data[59]
      value: 
      objectReference: {fileID: 8506543739533020279}
    - target: {fileID: -611798744091766095, guid: d45e5c2a692ed15448d53b608d30088c, type: 3}
      propertyPath: m_Bones.Array.data[60]
      value: 
      objectReference: {fileID: 9033970762895094888}
    - target: {fileID: -611798744091766095, guid: d45e5c2a692ed15448d53b608d30088c, type: 3}
      propertyPath: m_Bones.Array.data[61]
      value: 
      objectReference: {fileID: 2595908246282752346}
    - target: {fileID: -611798744091766095, guid: d45e5c2a692ed15448d53b608d30088c, type: 3}
      propertyPath: m_Bones.Array.data[62]
      value: 
      objectReference: {fileID: 6144808581206701165}
    - target: {fileID: -611798744091766095, guid: d45e5c2a692ed15448d53b608d30088c, type: 3}
      propertyPath: m_Materials.Array.data[0]
      value: 
      objectReference: {fileID: 2100000, guid: 22afcda8ed8075e4da06a1fca79e9d3e, type: 2}
    - target: {fileID: 919132149155446097, guid: d45e5c2a692ed15448d53b608d30088c, type: 3}
      propertyPath: m_Name
      value: PT_Medieval_Plague_Doctor
      objectReference: {fileID: 0}
    m_RemovedComponents: []
  m_SourcePrefab: {fileID: 100100000, guid: d45e5c2a692ed15448d53b608d30088c, type: 3}
--- !u!1 &355175528683777024 stripped
GameObject:
  m_CorrespondingSourceObject: {fileID: 919132149155446097, guid: d45e5c2a692ed15448d53b608d30088c, type: 3}
  m_PrefabInstance: {fileID: 589056289629704529}
  m_PrefabAsset: {fileID: 0}
--- !u!4 &5941722236131674038 stripped
Transform:
  m_CorrespondingSourceObject: {fileID: 6510379286530987751, guid: d45e5c2a692ed15448d53b608d30088c, type: 3}
  m_PrefabInstance: {fileID: 589056289629704529}
  m_PrefabAsset: {fileID: 0}
--- !u!4 &8251586835578230247 stripped
Transform:
  m_CorrespondingSourceObject: {fileID: -383024697992248138, guid: d45e5c2a692ed15448d53b608d30088c, type: 3}
  m_PrefabInstance: {fileID: 589056289629704529}
  m_PrefabAsset: {fileID: 0}
--- !u!4 &1475295133900700616 stripped
Transform:
  m_CorrespondingSourceObject: {fileID: 2041804674345331353, guid: d45e5c2a692ed15448d53b608d30088c, type: 3}
  m_PrefabInstance: {fileID: 589056289629704529}
  m_PrefabAsset: {fileID: 0}
--- !u!4 &1401705888526164566 stripped
Transform:
  m_CorrespondingSourceObject: {fileID: 1972404594042106631, guid: d45e5c2a692ed15448d53b608d30088c, type: 3}
  m_PrefabInstance: {fileID: 589056289629704529}
  m_PrefabAsset: {fileID: 0}
--- !u!4 &7364565639076894760 stripped
Transform:
  m_CorrespondingSourceObject: {fileID: -1290124067739842183, guid: d45e5c2a692ed15448d53b608d30088c, type: 3}
  m_PrefabInstance: {fileID: 589056289629704529}
  m_PrefabAsset: {fileID: 0}
--- !u!4 &7887888153916593769 stripped
Transform:
  m_CorrespondingSourceObject: {fileID: -1919703420917037256, guid: d45e5c2a692ed15448d53b608d30088c, type: 3}
  m_PrefabInstance: {fileID: 589056289629704529}
  m_PrefabAsset: {fileID: 0}
--- !u!4 &6423139559106557915 stripped
Transform:
  m_CorrespondingSourceObject: {fileID: -3382435356781009270, guid: d45e5c2a692ed15448d53b608d30088c, type: 3}
  m_PrefabInstance: {fileID: 589056289629704529}
  m_PrefabAsset: {fileID: 0}
--- !u!4 &8506543739533020279 stripped
Transform:
  m_CorrespondingSourceObject: {fileID: 9088809290728660262, guid: d45e5c2a692ed15448d53b608d30088c, type: 3}
  m_PrefabInstance: {fileID: 589056289629704529}
  m_PrefabAsset: {fileID: 0}
--- !u!4 &9033970762895094888 stripped
Transform:
  m_CorrespondingSourceObject: {fileID: 8463287450007430457, guid: d45e5c2a692ed15448d53b608d30088c, type: 3}
  m_PrefabInstance: {fileID: 589056289629704529}
  m_PrefabAsset: {fileID: 0}
--- !u!4 &2595908246282752346 stripped
Transform:
  m_CorrespondingSourceObject: {fileID: -6040950697646211061, guid: d45e5c2a692ed15448d53b608d30088c, type: 3}
  m_PrefabInstance: {fileID: 589056289629704529}
  m_PrefabAsset: {fileID: 0}
--- !u!4 &6144808581206701165 stripped
Transform:
  m_CorrespondingSourceObject: {fileID: 6731194010524607804, guid: d45e5c2a692ed15448d53b608d30088c, type: 3}
  m_PrefabInstance: {fileID: 589056289629704529}
  m_PrefabAsset: {fileID: 0}
--- !u!4 &13421981769379392 stripped
Transform:
  m_CorrespondingSourceObject: {fileID: -8646048529915232495, guid: d45e5c2a692ed15448d53b608d30088c, type: 3}
  m_PrefabInstance: {fileID: 589056289629704529}
  m_PrefabAsset: {fileID: 0}
--- !u!4 &6602166442650070894 stripped
Transform:
  m_CorrespondingSourceObject: {fileID: 6031204961910521407, guid: d45e5c2a692ed15448d53b608d30088c, type: 3}
  m_PrefabInstance: {fileID: 589056289629704529}
  m_PrefabAsset: {fileID: 0}
--- !u!4 &3685811356282180328 stripped
Transform:
  m_CorrespondingSourceObject: {fileID: -4969125749239168071, guid: d45e5c2a692ed15448d53b608d30088c, type: 3}
  m_PrefabInstance: {fileID: 589056289629704529}
  m_PrefabAsset: {fileID: 0}
--- !u!4 &175516538519620743 stripped
Transform:
  m_CorrespondingSourceObject: {fileID: -8483883604420747818, guid: d45e5c2a692ed15448d53b608d30088c, type: 3}
  m_PrefabInstance: {fileID: 589056289629704529}
  m_PrefabAsset: {fileID: 0}
--- !u!4 &4518433561944250302 stripped
Transform:
  m_CorrespondingSourceObject: {fileID: -5289463530553784593, guid: d45e5c2a692ed15448d53b608d30088c, type: 3}
  m_PrefabInstance: {fileID: 589056289629704529}
  m_PrefabAsset: {fileID: 0}
--- !u!4 &7089591830971458158 stripped
Transform:
  m_CorrespondingSourceObject: {fileID: 7660611585291203391, guid: d45e5c2a692ed15448d53b608d30088c, type: 3}
  m_PrefabInstance: {fileID: 589056289629704529}
  m_PrefabAsset: {fileID: 0}
--- !u!4 &8306949912862723243 stripped
Transform:
  m_CorrespondingSourceObject: {fileID: 8891382730327301626, guid: d45e5c2a692ed15448d53b608d30088c, type: 3}
  m_PrefabInstance: {fileID: 589056289629704529}
  m_PrefabAsset: {fileID: 0}
--- !u!4 &9097027003917971717 stripped
Transform:
  m_CorrespondingSourceObject: {fileID: -715053850582835116, guid: d45e5c2a692ed15448d53b608d30088c, type: 3}
  m_PrefabInstance: {fileID: 589056289629704529}
  m_PrefabAsset: {fileID: 0}
--- !u!4 &4605218230991840478 stripped
Transform:
  m_CorrespondingSourceObject: {fileID: 4018822785810658703, guid: d45e5c2a692ed15448d53b608d30088c, type: 3}
  m_PrefabInstance: {fileID: 589056289629704529}
  m_PrefabAsset: {fileID: 0}
--- !u!4 &926648289804990049 stripped
Transform:
  m_CorrespondingSourceObject: {fileID: 355962658171266864, guid: d45e5c2a692ed15448d53b608d30088c, type: 3}
  m_PrefabInstance: {fileID: 589056289629704529}
  m_PrefabAsset: {fileID: 0}
--- !u!4 &8273816012349294890 stripped
Transform:
  m_CorrespondingSourceObject: {fileID: 8862732500792924283, guid: d45e5c2a692ed15448d53b608d30088c, type: 3}
  m_PrefabInstance: {fileID: 589056289629704529}
  m_PrefabAsset: {fileID: 0}
--- !u!4 &7531653873918151583 stripped
Transform:
  m_CorrespondingSourceObject: {fileID: -2258149664362554674, guid: d45e5c2a692ed15448d53b608d30088c, type: 3}
  m_PrefabInstance: {fileID: 589056289629704529}
  m_PrefabAsset: {fileID: 0}
--- !u!4 &7820226271445012951 stripped
Transform:
  m_CorrespondingSourceObject: {fileID: -1969276111779086202, guid: d45e5c2a692ed15448d53b608d30088c, type: 3}
  m_PrefabInstance: {fileID: 589056289629704529}
  m_PrefabAsset: {fileID: 0}
--- !u!4 &975540688250605873 stripped
Transform:
  m_CorrespondingSourceObject: {fileID: -8816519176739323808, guid: d45e5c2a692ed15448d53b608d30088c, type: 3}
  m_PrefabInstance: {fileID: 589056289629704529}
  m_PrefabAsset: {fileID: 0}
--- !u!4 &8387231066888442510 stripped
Transform:
  m_CorrespondingSourceObject: {fileID: -267452196938382369, guid: d45e5c2a692ed15448d53b608d30088c, type: 3}
  m_PrefabInstance: {fileID: 589056289629704529}
  m_PrefabAsset: {fileID: 0}
--- !u!4 &1609641082108501328 stripped
Transform:
  m_CorrespondingSourceObject: {fileID: -7027260725594338303, guid: d45e5c2a692ed15448d53b608d30088c, type: 3}
  m_PrefabInstance: {fileID: 589056289629704529}
  m_PrefabAsset: {fileID: 0}
--- !u!4 &7817806985602757993 stripped
Transform:
  m_CorrespondingSourceObject: {fileID: -1994301219249724360, guid: d45e5c2a692ed15448d53b608d30088c, type: 3}
  m_PrefabInstance: {fileID: 589056289629704529}
  m_PrefabAsset: {fileID: 0}
--- !u!4 &4940051759413029214 stripped
Transform:
  m_CorrespondingSourceObject: {fileID: -3701350357972158449, guid: d45e5c2a692ed15448d53b608d30088c, type: 3}
  m_PrefabInstance: {fileID: 589056289629704529}
  m_PrefabAsset: {fileID: 0}
--- !u!4 &2962341811082573442 stripped
Transform:
  m_CorrespondingSourceObject: {fileID: 2391664004340361171, guid: d45e5c2a692ed15448d53b608d30088c, type: 3}
  m_PrefabInstance: {fileID: 589056289629704529}
  m_PrefabAsset: {fileID: 0}
--- !u!4 &4969429435671492684 stripped
Transform:
  m_CorrespondingSourceObject: {fileID: -3685551787755493091, guid: d45e5c2a692ed15448d53b608d30088c, type: 3}
  m_PrefabInstance: {fileID: 589056289629704529}
  m_PrefabAsset: {fileID: 0}
--- !u!4 &1910731384958805424 stripped
Transform:
  m_CorrespondingSourceObject: {fileID: 1344596622826173665, guid: d45e5c2a692ed15448d53b608d30088c, type: 3}
  m_PrefabInstance: {fileID: 589056289629704529}
  m_PrefabAsset: {fileID: 0}
--- !u!4 &6048463116653603555 stripped
Transform:
  m_CorrespondingSourceObject: {fileID: -2603983577852527694, guid: d45e5c2a692ed15448d53b608d30088c, type: 3}
  m_PrefabInstance: {fileID: 589056289629704529}
  m_PrefabAsset: {fileID: 0}
--- !u!4 &8333752215425401897 stripped
Transform:
  m_CorrespondingSourceObject: {fileID: -320933222192458376, guid: d45e5c2a692ed15448d53b608d30088c, type: 3}
  m_PrefabInstance: {fileID: 589056289629704529}
  m_PrefabAsset: {fileID: 0}
--- !u!4 &6368279786472203529 stripped
Transform:
  m_CorrespondingSourceObject: {fileID: 5786020695442945112, guid: d45e5c2a692ed15448d53b608d30088c, type: 3}
  m_PrefabInstance: {fileID: 589056289629704529}
  m_PrefabAsset: {fileID: 0}
--- !u!4 &3903280029993350818 stripped
Transform:
  m_CorrespondingSourceObject: {fileID: -4753686765402347533, guid: d45e5c2a692ed15448d53b608d30088c, type: 3}
  m_PrefabInstance: {fileID: 589056289629704529}
  m_PrefabAsset: {fileID: 0}
--- !u!4 &8717905335779361960 stripped
Transform:
  m_CorrespondingSourceObject: {fileID: 8129145923416233465, guid: d45e5c2a692ed15448d53b608d30088c, type: 3}
  m_PrefabInstance: {fileID: 589056289629704529}
  m_PrefabAsset: {fileID: 0}
--- !u!4 &1684137583202052895 stripped
Transform:
  m_CorrespondingSourceObject: {fileID: -6956938108076934578, guid: d45e5c2a692ed15448d53b608d30088c, type: 3}
  m_PrefabInstance: {fileID: 589056289629704529}
  m_PrefabAsset: {fileID: 0}
--- !u!4 &123220496187024880 stripped
Transform:
  m_CorrespondingSourceObject: {fileID: -8531651746738408287, guid: d45e5c2a692ed15448d53b608d30088c, type: 3}
  m_PrefabInstance: {fileID: 589056289629704529}
  m_PrefabAsset: {fileID: 0}
--- !u!4 &3949499277981216471 stripped
Transform:
  m_CorrespondingSourceObject: {fileID: 4531693489769807750, guid: d45e5c2a692ed15448d53b608d30088c, type: 3}
  m_PrefabInstance: {fileID: 589056289629704529}
  m_PrefabAsset: {fileID: 0}
--- !u!4 &1825968992260599326 stripped
Transform:
  m_CorrespondingSourceObject: {fileID: -7963601586456576177, guid: d45e5c2a692ed15448d53b608d30088c, type: 3}
  m_PrefabInstance: {fileID: 589056289629704529}
  m_PrefabAsset: {fileID: 0}
--- !u!4 &5607084534364007760 stripped
Transform:
  m_CorrespondingSourceObject: {fileID: 5043154439608531969, guid: d45e5c2a692ed15448d53b608d30088c, type: 3}
  m_PrefabInstance: {fileID: 589056289629704529}
  m_PrefabAsset: {fileID: 0}
--- !u!4 &3209231331654125862 stripped
Transform:
  m_CorrespondingSourceObject: {fileID: 2640733873651767415, guid: d45e5c2a692ed15448d53b608d30088c, type: 3}
  m_PrefabInstance: {fileID: 589056289629704529}
  m_PrefabAsset: {fileID: 0}
--- !u!4 &1183673822610062072 stripped
Transform:
  m_CorrespondingSourceObject: {fileID: 1747957968698043305, guid: d45e5c2a692ed15448d53b608d30088c, type: 3}
  m_PrefabInstance: {fileID: 589056289629704529}
  m_PrefabAsset: {fileID: 0}
--- !u!4 &4075354272086101144 stripped
Transform:
  m_CorrespondingSourceObject: {fileID: 3504414644674928073, guid: d45e5c2a692ed15448d53b608d30088c, type: 3}
  m_PrefabInstance: {fileID: 589056289629704529}
  m_PrefabAsset: {fileID: 0}
--- !u!4 &6425019228101514823 stripped
Transform:
  m_CorrespondingSourceObject: {fileID: 5838634760319862550, guid: d45e5c2a692ed15448d53b608d30088c, type: 3}
  m_PrefabInstance: {fileID: 589056289629704529}
  m_PrefabAsset: {fileID: 0}
--- !u!4 &1073325385848915197 stripped
Transform:
  m_CorrespondingSourceObject: {fileID: -8734300110097640020, guid: d45e5c2a692ed15448d53b608d30088c, type: 3}
  m_PrefabInstance: {fileID: 589056289629704529}
  m_PrefabAsset: {fileID: 0}
--- !u!4 &5234242801584268643 stripped
Transform:
  m_CorrespondingSourceObject: {fileID: -4571299257268177870, guid: d45e5c2a692ed15448d53b608d30088c, type: 3}
  m_PrefabInstance: {fileID: 589056289629704529}
  m_PrefabAsset: {fileID: 0}
--- !u!4 &5318529032008098419 stripped
Transform:
  m_CorrespondingSourceObject: {fileID: 4747790623277806370, guid: d45e5c2a692ed15448d53b608d30088c, type: 3}
  m_PrefabInstance: {fileID: 589056289629704529}
  m_PrefabAsset: {fileID: 0}
--- !u!4 &7416907743073840607 stripped
Transform:
  m_CorrespondingSourceObject: {fileID: 7981110645562293390, guid: d45e5c2a692ed15448d53b608d30088c, type: 3}
  m_PrefabInstance: {fileID: 589056289629704529}
  m_PrefabAsset: {fileID: 0}
--- !u!4 &6469786270565834501 stripped
Transform:
  m_CorrespondingSourceObject: {fileID: -3321981115202269612, guid: d45e5c2a692ed15448d53b608d30088c, type: 3}
  m_PrefabInstance: {fileID: 589056289629704529}
  m_PrefabAsset: {fileID: 0}
--- !u!4 &5731467470898609775 stripped
Transform:
  m_CorrespondingSourceObject: {fileID: 5163092058684567358, guid: d45e5c2a692ed15448d53b608d30088c, type: 3}
  m_PrefabInstance: {fileID: 589056289629704529}
  m_PrefabAsset: {fileID: 0}
--- !u!4 &4446157141461365024 stripped
Transform:
  m_CorrespondingSourceObject: {fileID: -5359472886911836047, guid: d45e5c2a692ed15448d53b608d30088c, type: 3}
  m_PrefabInstance: {fileID: 589056289629704529}
  m_PrefabAsset: {fileID: 0}
--- !u!4 &8061091661173946601 stripped
Transform:
  m_CorrespondingSourceObject: {fileID: -1733182465076074056, guid: d45e5c2a692ed15448d53b608d30088c, type: 3}
  m_PrefabInstance: {fileID: 589056289629704529}
  m_PrefabAsset: {fileID: 0}
--- !u!4 &2981390835874377985 stripped
Transform:
  m_CorrespondingSourceObject: {fileID: 2399495803454562384, guid: d45e5c2a692ed15448d53b608d30088c, type: 3}
  m_PrefabInstance: {fileID: 589056289629704529}
  m_PrefabAsset: {fileID: 0}
--- !u!4 &1352727627189130667 stripped
Transform:
  m_CorrespondingSourceObject: {fileID: 1939192230470321402, guid: d45e5c2a692ed15448d53b608d30088c, type: 3}
  m_PrefabInstance: {fileID: 589056289629704529}
  m_PrefabAsset: {fileID: 0}
--- !u!4 &4747556830369615167 stripped
Transform:
  m_CorrespondingSourceObject: {fileID: -3905172438622692242, guid: d45e5c2a692ed15448d53b608d30088c, type: 3}
  m_PrefabInstance: {fileID: 589056289629704529}
  m_PrefabAsset: {fileID: 0}
--- !u!4 &2439485629324830489 stripped
Transform:
  m_CorrespondingSourceObject: {fileID: -6199639390352492984, guid: d45e5c2a692ed15448d53b608d30088c, type: 3}
  m_PrefabInstance: {fileID: 589056289629704529}
  m_PrefabAsset: {fileID: 0}
--- !u!4 &4569304390661450160 stripped
Transform:
  m_CorrespondingSourceObject: {fileID: 3982820004760697057, guid: d45e5c2a692ed15448d53b608d30088c, type: 3}
  m_PrefabInstance: {fileID: 589056289629704529}
  m_PrefabAsset: {fileID: 0}
--- !u!4 &6539700107850757343 stripped
Transform:
  m_CorrespondingSourceObject: {fileID: -3247921019568937586, guid: d45e5c2a692ed15448d53b608d30088c, type: 3}
  m_PrefabInstance: {fileID: 589056289629704529}
  m_PrefabAsset: {fileID: 0}
--- !u!4 &3023868962318449495 stripped
Transform:
  m_CorrespondingSourceObject: {fileID: 2439349420874492422, guid: d45e5c2a692ed15448d53b608d30088c, type: 3}
  m_PrefabInstance: {fileID: 589056289629704529}
  m_PrefabAsset: {fileID: 0}
--- !u!4 &6537874439368404179 stripped
Transform:
  m_CorrespondingSourceObject: {fileID: 5951381265964760450, guid: d45e5c2a692ed15448d53b608d30088c, type: 3}
  m_PrefabInstance: {fileID: 589056289629704529}
  m_PrefabAsset: {fileID: 0}
--- !u!4 &4654847892971399086 stripped
Transform:
  m_CorrespondingSourceObject: {fileID: 5239349842230097663, guid: d45e5c2a692ed15448d53b608d30088c, type: 3}
  m_PrefabInstance: {fileID: 589056289629704529}
  m_PrefabAsset: {fileID: 0}
--- !u!95 &727806767485252321
Animator:
  serializedVersion: 3
  m_ObjectHideFlags: 0
  m_CorrespondingSourceObject: {fileID: 0}
  m_PrefabInstance: {fileID: 0}
  m_PrefabAsset: {fileID: 0}
  m_GameObject: {fileID: 355175528683777024}
  m_Enabled: 1
  m_Avatar: {fileID: 9000000, guid: d45e5c2a692ed15448d53b608d30088c, type: 3}
  m_Controller: {fileID: 0}
  m_CullingMode: 1
  m_UpdateMode: 0
  m_ApplyRootMotion: 1
  m_LinearVelocityBlending: 0
  m_WarningMessage: 
  m_HasTransformHierarchy: 1
  m_AllowConstantClipSamplingOptimization: 1
  m_KeepAnimatorControllerStateOnDisable: 0
